3234 5109
829 373 861 423 ιο

298 546 425 625 έναχος,
446 548 512 609 τῶν
535 544 724 622 θευξενίων,
743 544 804 608 παὶ
826 548 884 623 τῆς
913 549 1014 623 καλῆς
1043 545 1168 624 ἐκείνης
1190 547 1328 626 μερίδος,
1355 549 1395 626 ἢν

298 645 525 725 ἀφαιροῦντες,
560 647 638 723 τοὺς
671 643 837 722 Πινδάρου
881 645 1075 724 κηρύττουσι
1109 647 1283 727 λαμβάνειν
1316 647 1396 713 ἀπο·
1437 672 1444 676 ·

298 746 418 823 γόνους
435 745 467 825 ¹).
886 801 891 830 ,

399 850 440 908 Ut
462 849 588 925 Delphis
611 850 718 924 mensi,
749 868 811 925 quo
834 851 946 909 festum
969 852 1190 921 celebrabatur,
1224 850 1396 928 Θεοξένιος

246 937 251 946 “
297 963 365 1012 erat
386 953 517 1010 inditum
537 948 696 1027 nomenil
718 953 762 1009 ita
779 952 976 1009 Pellenenses
999 953 1057 1026 ipsi
1072 953 1207 1028 Apollini
1222 949 1396 1015 Θεοξενίου

298 1047 470 1129 cognomen
482 1054 642 1111 dederant.
666 1052 713 1110 Cf.
732 1053 915 1110 Pausaniam
928 1053 994 1121 Vll,
1013 1069 1061 1127 27,
1078 1070 1107 1126 4,
1131 1056 1182 1128 qui
1197 1054 1275 1112 haec
1291 1055 1395 1113 addit:

297 1153 348 1216 καὶ
371 1151 483 1228 ἀγῶνα
506 1151 688 1214 ἐπιτελοῦσι
711 1150 865 1214 Θεοξένια
887 1156 933 1234 τῷ
958 1149 1147 1222 Ἀπόλλωνι,
1175 1153 1317 1229 τιθέντες
1340 1151 1395 1230 ἀρ-

297 1254 409 1332 γύριον
424 1250 507 1315 ἆθλα
518 1254 576 1328 τῆς
591 1250 689 1329 νίκης,
708 1251 759 1314 καὶ
771 1249 888 1330 ἄνδρες
904 1250 1116 1326 ἀγωνίζονται
1128 1255 1194 1317 τῶν
1208 1253 1396 1331 ἐπιχωρίων.

298 1356 443 1415 Ceterum
465 1358 505 1414 de
533 1355 612 1413 festo
637 1354 812 1413 Pellenensi
834 1356 906 1414 nihil
934 1357 1018 1413 aliud
1047 1358 1196 1425 novimus,
1230 1360 1288 1414 nisi
1311 1359 1397 1432 quod

298 1458 483 1517 scholiastae
506 1456 629 1514 Pindari
662 1466 843 1525 memorant,
878 1458 1009 1516 victores
1041 1458 1133 1533 pallia
1165 1476 1221 1534 pro
1253 1458 1396 1533 praemiis

298 1568 480 1636 reportasse.
506 1557 607 1630 Quam
626 1575 691 1614 rem
712 1560 737 1615 si
759 1560 827 1632 quis
853 1577 921 1615 cum
934 1557 1105 1615 Pausaniae
1126 1560 1300 1617 narratione
1322 1576 1395 1615 con·

297 1669 459 1737 gruentem
475 1661 607 1717 reddere
630 1659 711 1727 velit,
743 1660 885 1734 inspiciat
911 1659 1057 1717 Boeckhii
1084 1662 1209 1735 explico.
1234 1662 1275 1718 ad
1307 1659 1395 1721 Pind.

299 1760 347 1822 Ol.
370 1760 414 1819 IX
435 1779 465 1837 p.
485 1776 551 1831 104.

397 1862 624 1937 Adgrediamur
639 1863 681 1918 ad
693 1860 913 1918 Dioscurorum
930 1861 1122 1930 Theoxenis,
1145 1880 1225 1937 quae
1248 1872 1282 1920 ut
1303 1863 1396 1938 paulo

299 1965 470 2026 accuratius
488 1980 721 2039 cognoscamus,
743 1979 890 2038 prospera
908 1962 1029 2020 fortuna
1052 1964 1129 2021 tulit.
1166 1964 1295 2040 Spartae
1307 1964 1395 2038 Agri·

298 2067 382 2142 genti
406 2064 531 2141 Cyrenis
555 2065 622 2122 Pari
645 2064 704 2121 hoc
727 2064 806 2121 festo
829 2063 972 2121 Dioscuri
993 2065 1183 2122 colebantur.

400 2167 444 2223 Ac
466 2167 597 2240 primum
625 2164 746 2221 titulum
769 2163 837 2221 Pari
871 2165 903 2220 in
924 2182 994 2222 arce
1017 2183 1034 2220 a
1056 2164 1236 2223 Thierschio
1257 2167 1329 2223 olim
1351 2184 1397 2221 re·

298 2275 419 2342 pertum
441 2262 680 2343 inspiciamus³).

398 2367 519 2425 Titulus
530 2367 579 2426 111.
600 2374 654 2424 aut
674 2366 709 2425 II.
728 2384 854 2426 saec.a.
874 2366 943 2424 Chr.
958 2386 988 2424 n.
1012 2377 1155 2425 exaratus
1178 2378 1235 2438 est.
1259 2368 1311 2426 Bis
1331 2368 1396 2425 lau-

299 2469 389 2526 datur
411 2464 524 2541 Κίλλος
557 2468 683 2542 quidam
705 2466 854 2525 Demetrii
882 2467 971 2537 filius;
1002 2470 1034 2525 in
1056 2471 1262 2545 prioreparte
1285 2470 1393 2526 laudes
1472 2484 1498 2524 η
1576 2479 1577 2484 ’

299 2587 415 2628 corona
433 2588 527 2627 aurea
549 2577 651 2628 statua
674 2570 702 2625 ei
727 2570 955 2635 adiudicantur,
979 2572 1050 2643 quia
1069 2573 1248 2645 agoranomi
1271 2587 1397 2627 munere

298 2672 378 2728 bene
393 2672 515 2729 functus
531 2670 586 2744 sit3
615 2688 697 2745 quae
712 2679 857 2727 secuntur
872 2671 965 2727 verba
980 2672 1021 2727 ad
1037 2671 1219 2729 Theoxenia
1240 2679 1395 2747 spectant:

747 2764 944 2849 Διόσκορο[ι

340 2863 488 2953 ”Ε]οοξεν
509 2874 547 2952 τῇ
572 2870 671 2951 βουλῇ
695 2868 815 2952 καὶτῷ
838 2869 943 2952 δήμῳ·
968 2869 1112 2947 Εὐμένης
1137 2868 1221 2948 Εὐμέ

339 2967 433 3050 νο]υς
456 2968 559 3033 εἶπεν·
582 2968 691 3046 ἐπειδὴ
717 2968 831 3045 Κίλλος
853 2968 1041 3047 Δημητρίου
1065 2969 1100 3033 έν
1123 2990 1158 3033 τε

340 3064 420 3154 τοί]ς
442 3070 626 3149 ἔμπροσθεν
648 3070 779 3148 χρόνοις
803 3068 885 3149 ἀνὴρ
908 3069 1031 3148 ἀγαθὸς
1054 3072 1101 3135 ὢν
1123 3076 1211 3135 διατε

341 3166 399 3256 lei]
422 3173 496 3250 περὶ
517 3173 575 3236 τὸν
598 3175 708 3250 δῆμον,
732 3172 783 3235 καὶ
804 3175 870 3236 πᾶν
892 3173 930 3236 τὸ
953 3173 1123 3251 συμφέρον
1145 3172 1306 3251 πράσσων
1333 3173 1336 3178 ’

340 3268 403 3357 καὶ]
427 3279 516 3356 κοινῇ
539 3279 577 3355 τῇ
600 3273 693 3336 πόλει
715 3273 767 3336 καὶ
789 3272 853 3355 ἰδίᾳ
874 3276 943 3350 τοῖς
965 3274 1188 3351 ἐντυγχάνουσ

341 3394 370 3438 ιν
394 3366 518 3458 Κ]ίλλιμ,
540 3377 599 3437 νῦν
622 3394 656 3437 τε
679 3374 885 3451 πολέμαρχος
908 3372 1046 3450 αἱρεθεὶς
1068 3373 1120 3436 καὶ

340 3469 511 3560 τυχ]όντος
534 3474 622 3559 αὐτῷ
644 3478 702 3538 τοῦ
725 3473 863 3552 ἱεράζειν
883 3478 952 3551 τοῖς
973 3474 1101 3538 Διοσιιό
1210 3485 1213 3492 ’

375 3736 377 3740 ,
402 3679 427 3735 Ιλ
446 3681 509 3729 Non
531 3680 649 3739 fortuito,
670 3679 773 3745 opinor,
794 3680 892 3728 sactum
913 3686 961 3738 est,
991 3687 1019 3729 ut
1046 3695 1138 3745 puero,
1169 3697 1246 3746 quem
1266 3680 1397 3730 Pindarus

301 3769 412 3828 amabat,
431 3784 528 3819 nomen
547 3768 625 3818 suerit
641 3767 787 3833 θεόξενοςς
806 3769 840 3817 cs.
855 3769 903 3831 frg.
928 3781 976 3830 123
995 3770 1092 3831 Bergk.
1112 3771 1177 3820 Hes.
1198 3771 1258 3821 Mil.
1279 3779 1305 3819 et
1323 3770 1397 3819 Suid.
1489 3803 1495 3810 x

300 3872 324 3907 v.
343 3854 434 3907 Πίνδα
454 3872 492 3908 ο.

399 3872 513 4012 ηρΚςείλ
533 3945 629 4010 syllog.
648 3946 726 3996 inser.
744 3946 831 3995 Boeot
859 3961 884 4010 p.
897 3957 938 4008 33,
965 3943 1138 4004 Θειλούθιον,
1158 3946 1280 3995 Boeotici
1299 3945 1400 4002 mensis

300 4048 405 4091 nomen,
424 4048 478 4081 non
495 4033 585 4098 inepte
604 4040 745 4099 comparat.
1286 4041 1291 4049 '

400 4120 426 4185 3]
444 4121 573 4171 Thiersch
592 4124 653 4172 abh.
675 4125 699 4170 d.
724 4123 758 4172 K.
779 4126 854 4188 bayr.
884 4125 925 4172 ak.
957 4122 1033 4187 1834,
1053 4139 1079 4187 p.
1094 4122 1143 4187 585
1159 4140 1219 4189 sqq.
1265 4122 1398 4186 Rangabe

301 4210 365 4261 Ant.
384 4211 449 4261 hell.
468 4211 505 4269 H,
532 4227 557 4262 n.
579 4222 630 4275 770
644 4226 666 4261 c.
696 4211 724 4263 C.
744 4213 765 4263 Ι.
785 4213 816 4262 G.
845 4212 881 4271 Π,
909 4227 934 4277 p.
948 4223 1014 4275 1074
1026 4227 1065 4276 sq.
1091 4212 1151 4261 add.
1172 4228 1197 4264 n.
1218 4224 1286 4277 2374
1298 4228 1321 4262 e.
1357 4213 1398 4260 Le

300 4299 353 4350 Bas
371 4316 429 4366 ηομ.
448 4301 523 4352 arch.
543 4300 592 4359 IV,
612 4293 636 4363 a,
655 4316 680 4365 p.
693 4312 741 4363 471
764 4317 790 4351 n.
809 4311 888 4363 2097.
1408 4308 1411 4316 ·
