3234 5109
1517 420 1736 471 37*-

451 586 632 648 Patet
675 586 857 658 igitur
902 584 1338 658 Aesculapium
1398 584 1570 641 lectis
1635 584 1982 641 sternendis
2053 591 2115 640 et
2179 582 2405 639 mensis
2470 598 2645 639 exor-

448 688 670 744 nandis
717 688 943 745 cultum
988 704 1144 743 esse.
1267 685 1478 757 Quare
1528 685 1676 741 nihil
1736 684 1945 742 obstat
1988 684 2311 760 quominus
2356 692 2642 759 putemus

452 789 820 863 Sophoclem
862 806 1108 863 quoque
1154 779 1305 844 talia'
1341 787 1522 843 xenia
1576 787 1697 843 deo
1730 785 2098 846 instituisse.
2185 785 2255 842 In
2299 784 2461 842 hanc
2504 801 2654 841 sen·v
2707 774 2709 778 ⁸

450 892 707 947 tentiam
764 891 1027 964 quadrat
1081 891 1251 964 quod
1303 890 1366 945 in
1411 888 1608 963 Etym.
1667 905 1870 963 magn.
1919 889 2212 962 legimus:
2279 883 2382 947 καὶ
2428 885 2644 963 βωμὸν

451 987 764 1066 ἱδρύσατο
811 986 923 1065 (sc,
970 992 1062 1070 τῷ
1108 985 1285 1070 θεῷ).
1387 989 1715 1047 Praeterea
1761 992 1983 1046 scimus
2031 988 2399 1064 Sophoclem
2443 1005 2644 1045 sacer-

450 1094 662 1149 dotem
707 1090 896 1147 fuisse
942 1091 1193 1148 Alconis
1239 1090 1440 1147 herois
1487 1090 1811 1147 cuiusdam
1857 1090 2102 1158 medici,
2170 1091 2251 1147 de
2315 1107 2437 1165 quo
2484 1092 2643 1148 vitae

450 1193 705 1267 scriptor
733 1207 779 1253 τι
822 1188 898 1265 ὃς
941 1187 1118 1267 ἥρως
1161 1186 1241 1265 ἦν
1297 1186 1455 1265 μετὰ
1496 1185 1880 1264 Ἀσκληπιοῦ
1946 1186 2122 1264 παρὰ
2161 1185 2446 1265 Χείρωνι.
2552 1191 2645 1248 Ac

452 1295 586 1369 quis
629 1295 711 1350 ad
760 1295 879 1350 tale
925 1294 1336 1350 sacerdotium
1405 1292 1956 1348 administrandum
2008 1291 2201 1365 magis
2245 1292 2509 1348 idoneus
2553 1293 2643 1349 in-

449 1396 635 1452 veniri
679 1396 899 1469 potuit,
969 1411 1153 1468 quam
1195 1393 1267 1460 is,
1335 1393 1438 1467 qui
1493 1392 1928 1467 Aesculapium
1992 1400 2060 1449 ut
2119 1388 2271 1452 θεὸν
2336 1394 2642 1473 πατρῷον

454 1491 763 1553 haberet?

649 1597 777 1653 Iam
834 1597 883 1653 si
926 1605 1280 1671 reputamus
1325 1594 1694 1671 Sophoclem
1723 1596 1783 1651 in
1826 1596 2177 1653 universum
2219 1587 2451 1670 pietate
2496 1613 2643 1671 erga

355 1750 358 1757 .
448 1699 602 1755 deos
669 1698 1028 1755 excelluisse
1058 1692 1124 1773 ¹),
1193 1714 1321 1753 non
1364 1698 1516 1755 latet
1577 1714 1765 1754 causa
1819 1714 1924 1753 cur
1976 1705 2119 1772 post
2157 1706 2417 1754 mortem
2459 1697 2641 1755 heros

447 1797 646 1855 factus
690 1799 808 1871 sit3
866 1814 1066 1872 porr0,
1113 1799 1402 1872 quoniam
1447 1799 1767 1855 verisimile
1811 1799 2119 1855 redditum
2165 1807 2260 1855 est
2304 1816 2444 1855 eum
2489 1798 2643 1855 Aes-

448 1898 753 1973 culapium
802 1899 1063 1955 coluisse
1108 1900 1302 1957 xeniis
1346 1900 1382 1957 i.
1432 1917 1484 1957 e.
1548 1900 1637 1957 eis
1701 1900 1909 1969 sacriS,
1967 1899 2331 1975 quibuscum
2385 1901 2643 1956 deorum

450 1999 822 2075 epiphaniae
866 2001 1223 2075 saepissime
1268 2002 1653 2058 coniunctae*
1681 2009 1909 2068 essent,
1970 2018 2239 2075 prorsuS‚
2284 2002 2523 2075 opinor,
2579 2001 2643 2057 in

439 2101 772 2176 'propatulo
807 2108 919 2170 est,
966 2103 1280 2175 quomodo
1327 2111 1459 2160 orta
1501 2103 1578 2159 sit
1620 2102 1782 2159 fama
1813 2103 2245 2177 Aesculapium
2289 2104 2457 2178 apud
2501 2120 2643 2159 eum

450 2203 514 2259 in
580 2202 912 2277 hospitium
972 2204 1213 2260 venisse
1239 2199 1309 2279 2).
1426 2204 1630 2277 Atque
1699 2212 2186 2261 consentaneum
2252 2211 2348 2261 est
2415 2220 2643 2261 nomen

448 2304 740 2372 divinum,
810 2305 980 2377 quod
1027 2305 1083 2386 ei
1126 2322 1236 2378 per
1282 2306 1815 2362 consecrationem
1857 2306 2072 2362 datum
2117 2314 2232 2374 est,
2285 2305 2369 2362 ad
2415 2304 2641 2361 famam

442 2404 604 2462 illam
649 2413 950 2480 spectare,
999 2421 1122 2479 qua
1161 2406 1360 2481 pietas
1409 2407 1514 2463 viri
1558 2407 2043 2481 praeclarissime
2084 2406 2412 2481 perspicua
2453 2406 2577 2465 fiat.

648 2655 697 2719 1)
737 2654 900 2720 Soph.
943 2655 1032 2705 vit.
1071 2650 1176 2722 §6.
1245 2652 1445 2717 γέγονε
1484 2654 1545 2705 δὲ
1584 2654 1675 2705 καὶ
1714 2654 1980 2719 θεοφιλὴς
2016 2655 2048 2706 ὁ
2085 2654 2382 2719 Σοφοκλῆς
2420 2655 2496 2719 ὡς
2534 2655 2639 2708 οὐκ
2719 2645 2722 2647 ’

447 2742 627 2806 ἄλλος,
666 2741 809 2805 καθά
835 2755 1010 2808 φησιν
1036 2742 1360 2808 Ἱερώνυμος
1385 2743 1512 2808 περὶ
1548 2744 1652 2807 τῆς
1694 2744 1903 2808 χρυσῆς
1943 2742 2244 2808 στεφάνης.
2284 2744 2507 2809 ταύτης
2530 2744 2638 2811 γὰρ

447 2830 502 2883 ἑξ
541 2829 899 2895 ἀκροπόλεως
935 2830 1240 2897 κλαπείσης
1277 2832 1400 2882 κατ’
1437 2831 1575 2897 ὄναρ
1613 2830 1885 2897 Ἡρακλῆς
1923 2830 2174 2895 ἐδήλωσε
2211 2832 2504 2899 Σοφοκλεῖ,
2552 2833 2637 2886 λέ-

443 2936 563 2983 γων
601 2920 706 2984 τὴν
745 2922 818 2985 μὴ
856 2920 1123 2973 οἰκοῦσαν
1163 2920 1343 2973 οἰκίαν
1393 2921 1454 2973 ἐν
1493 2921 1643 2988 δεξιᾷ
1684 2919 1913 2974 εἰσιόντι
1950 2920 2265 2986 ἐρευνῆσαι,
2332 2922 2469 2975 ἔνθα
2520 2923 2637 2976 ἐκέ-

443 3023 675 3074 κρυπτο.
750 3007 991 3073 ἐμήνυσε
1041 3009 1088 3060 δ’
1144 3009 1322 3073 αὐτὴν
1359 3013 1441 3076 τῷ
1483 3008 1643 3077 δήμῳ
1690 3010 1781 3061 καὶ
1828 3008 2108 3062 τάλαντον
2148 3010 2398 3063 ἐδέξατο·
2461 3016 2635 3063 τοῦτο

442 3096 552 3163 γὰρ
589 3096 659 3161 ἦν
701 3096 1108 3162 προκηρυχθέν.
1159 3098 1346 3162 λαβὼν
1386 3098 1488 3150 οὖν
1525 3097 1592 3149 τὸ
1628 3096 1909 3150 τάλαντον
1948 3096 2098 3163 ἱερὸν
2137 3098 2405 3166 ἱδρύσατο
2443 3098 2636 3165 Μηνυ-

441 3190 545 3237 ‘roo
583 3184 932 3251 Ἡρακλέους.

645 3272 700 3340 2)
737 3274 946 3323 Theod.
985 3274 1164 3337 Bergk
1201 3276 1256 3323 in
1298 3275 1421 3324 edit.
1462 3275 1626 3341 Soph.
1665 3292 1717 3341 p.
1744 3275 1864 3324 XX
1910 3275 2099 3325 famam
2141 3276 2267 3325 inde
2312 3284 2478 3327 ortam
2517 3294 2634 3329 esse

443 3363 723 3422 existimat,
771 3362 917 3428 quod
956 3362 1254 3427 Sophocles
1301 3364 1357 3411 in
1399 3363 1658 3413 honorem
1695 3363 2011 3429 Aesculapii
2049 3380 2302 3431 paeanem
2340 3368 2635 3433 scripserat,

443 3451 500 3500 id
547 3452 692 3516 quod
741 3450 872 3500 mihi
923 3451 1067 3500 omni
1112 3451 1576 3501 verisimilitudine
1629 3468 1805 3501 carere
1853 3453 2075 3503 videtur.
2134 3480 2199 3489 —
2261 3454 2633 3518 Fragmentum

442 3538 599 3588 huius
624 3540 839 3604 paeanis
875 3539 1047 3605 lapidi
1083 3540 1393 3605 inscriptum
1429 3556 1567 3590 nunc
1605 3548 1870 3606 repertum
1908 3547 2015 3607 est3
2053 3541 2119 3592 cf.
2146 3540 2328 3607 Ἀθην.
2350 3544 2418 3604 V,
2438 3561 2490 3609 p.
2516 3556 2633 3608 540.

443 3627 529 3677 rh.
567 3642 701 3676 mus,
738 3627 1001 3676 XXXIII
1036 3644 1086 3692 p.
1118 3628 1236 3689 318,
