3234 5109
773 310 808 361 34

340 477 389 535 De
419 478 533 534 eodem
569 475 702 551 hospitio
743 474 835 531 refert
868 472 1046 552 Plutarchus
1079 472 1168 532 Num.
1192 471 1247 541 IV,
1285 470 1339 528 16:

241 578 403 655 Σοφοκλεῖ
425 576 461 639 δὲ
488 576 540 638 καὶ
569 578 663 639 Ζῶντι
692 573 750 637 τὸν
768 571 961 650 Ἀσκληπιὸν
988 572 1219 648 ἐπιξενωθῆναι
1240 568 1340 646 λόγος

242 677 312 740 ἐστὶ
343 676 450 740 πολλὰ
485 677 574 754 μέχρι
607 678 706 754 δεῦρο
742 673 913 738 διασώζων
950 673 1110 752 τεκμήρια.
1167 674 1212 735 Cf.
1247 676 1340 732 etiam

242 782 380 841 Philostr.
402 783 462 840 iun.
484 783 597 856 imagg.
628 797 673 854 13.
709 780 819 854 ltaque
842 778 1010 853 Sophocles
1038 779 1122 853 apud
1145 776 1341 835 Plutarchum

240 945 439 954 ..----——-

243 1058 388 1108 effossione
407 1058 434 1108 in
452 1058 538 1107 lucem
557 1058 721 1123 prodierunt,
741 1056 888 1106 clarissime
907 1056 1097 1106 demonstrant.
1117 1056 1157 1105 Cf.
1171 1054 1340 1104 Koehlerum

239 1147 335 1196 Mittit.
356 1148 381 1197 d.
400 1147 457 1196 ath.
477 1149 541 1197 inst.
564 1146 639 1210 1877,
658 1162 685 1210 p.
699 1156 750 1209 245
764 1161 802 1211 sq.

340 1235 402 1284 Hoc
420 1236 481 1284 loco
499 1235 580 1284 liceat
598 1249 801 1283 commemorare
817 1232 994 1298 anaglyphum
1007 1234 1136 1282 Graecum
1149 1231 1259 1281 Parisiis
1272 1229 1340 1296 (cab.

242 1325 287 1372 des
307 1322 385 1389 med.)
406 1330 546 1382 servatum,
566 1323 638 1387 quod
652 1338 736 1389 nuper
749 1322 835 1371 edidit
853 1321 942 1372 Conze
960 1324 1140 1385 straungsber.
1162 1323 1187 1372 d.
1207 1325 1284 1373 wien.
1296 1323 1340 1371 at.

241 1411 371 1471 XCVIII,
391 1423 416 1477 2,
436 1428 462 1477 p.
478 1422 525 1476 551
539 1428 597 1476 sqq.
625 1412 769 1474 Imaginem
789 1412 823 1460 ad
842 1426 954 1476 gypsum
972 1411 1058 1459 musei
1076 1411 1260 1459 Berolincnsis
1283 1410 1342 1459 bre·

241 1502 308 1551 viter
321 1501 478 1552 describam.
497 1501 555 1552 Alt.
570 1501 640 1566 0,18.
661 1500 706 1551 lat.
721 1512 791 1561 0,29.
810 1500 910 1549 Dextra
920 1500 960 1548 vir
972 1500 1099 1549 barbatus
1113 1500 1141 1548 in
1153 1499 1224 1549 lecto
1245 1500 1340 1557 cubat;

242 1589 396 1639 seminudus
428 1596 476 1649 est,
513 1596 592 1654 caput
620 1589 725 1638 calatho
762 1594 891 1653 opertum.
937 1589 1063 1636 Dextram
1091 1603 1196 1636 manum
1218 1586 1291 1635 tollit
1309 1601 1342 1635 ex

242 1677 320 1742 rhyto
341 1678 430 1726 vinum
449 1677 563 1726 fundens
581 1678 610 1725 in
627 1682 752 1742 pateram,
772 1691 849 1740 quam
868 1674 945 1724 laeva
961 1691 1040 1723 manu
1059 1680 1139 1725 tenet.
1177 1674 1224 1723 Ad
1242 1675 1341 1723 lectum

244 1766 366 1830 adposita
385 1772 425 1816 est
442 1781 542 1826 mensa,
562 1766 590 1816 in
611 1780 663 1831 qua
681 1764 827 1815 turibulum
847 1771 873 1813 et
889 1764 1028 1829 placentae
1048 1764 1192 1828 conspicua
1211 1741 1286 1813 sunt!
1310 1765 1342 1813 In

244 1855 348 1904 sinistra
381 1861 454 1920 parte
490 1854 553 1902 lecti
586 1854 662 1903 sedet
691 1854 890 1902 dextroversum
916 1853 1013 1901 semina
1049 1853 1156 1902 chitone
1180 1860 1206 1901 et
1231 1852 1341 1902 himatio

243 1943 350 2000 vestita;
369 1942 445 1992 laeva
463 1958 541 1991 manu
560 1949 633 1991 tenet
651 1942 781 1999 cistulam,
806 1942 898 1990 dextra
917 1956 1026 2003 granum
1044 1941 1108 1991 turis
1129 1942 1284 2006 depositura
1302 1947 1343 1990 cst

242 2031 270 2079 in
288 2030 338 2079 illo
356 2030 483 2081 turibulo.
523 2030 601 2079 quta
619 2044 737 2079 mensam
755 2029 832 2078 vides
851 2045 961 2095 puerum
979 2030 1090 2088 nudum;
1111 2030 1229 2079 dextram
1246 2030 1342 2093 mergit

241 2120 270 2167 in
295 2134 418 2182 magnum
443 2126 569 2168 craterem
593 2125 725 2184 tamquam
748 2119 839 2167 vinum
863 2119 1030 2183 depromens.
1072 2119 1210 2168 Sinistram
1233 2119 1340 2167 tabulae

242 2213 344 2272 partem
368 2208 491 2257 obtinent
516 2223 548 2256 ex
574 2208 685 2257 adverso
712 2214 810 2257 stantes
836 2208 876 2256 vir
899 2208 1024 2256 barbatus
1049 2213 1075 2255 et
1094 2208 1198 2266 semina,
1229 2223 1341 2273 quorum

243 2295 324 2345 facies
343 2297 395 2345 iam
413 2304 531 2346 veterum
550 2303 636 2345 aetate
656 2295 779 2345 consulto
799 2303 916 2345 resectae
936 2303 1005 2347 sunt.
1042 2295 1090 2346 Vir
1108 2294 1191 2361 pallio
1212 2298 1248 2345 ita
1266 2297 1342 2345 indu·

243 2392 284 2435 tus
299 2392 346 2445 est,
366 2393 395 2435 ut
413 2393 506 2450 pectus
527 2385 699 2450 dextrumque
717 2385 871 2434 bracchium
884 2385 956 2433 nuda
968 2392 1127 2444 remaneant,
1146 2401 1242 2448 magna
1256 2389 1342 2435 autem

242 2474 392 2523 vestimenti
410 2490 471 2539 pars
491 2475 525 2522 de
543 2474 621 2523 laevo
640 2473 751 2523 humero
772 2482 798 2524 et
816 2474 940 2523 bracchio
961 2474 1119 2538 dependeat.
1140 2476 1256 2524 Laevum
1269 2476 1342 2524 brac·

243 2561 332 2612 chium
356 2563 433 2611 lateri
456 2563 585 2614 innititur.
622 2563 723 2612 Dextra
742 2563 784 2611 ala
804 2564 949 2612 sustinetur
972 2562 1054 2625 longo
1079 2563 1185 2621 baculo,
1216 2565 1249 2612 ad
1269 2565 1342 2627 quod

243 2653 334 2700 dextra
356 2667 447 2700 manus
472 2651 567 2701 leviter
591 2650 714 2716 adposita
737 2658 786 2702 est.
825 2652 956 2700 Inferiore
979 2652 1069 2701 baculi
1092 2659 1166 2717 parte
1186 2668 1214 2701 se
1234 2651 1342 2701 circum·

242 2739 327 2790 volvit
346 2755 465 2806 serpeus.
501 2739 598 2789 Altera
616 2755 732 2805 persona
750 2747 791 2788 est
809 2740 915 2791 femina.
954 2739 1069 2790 Chilone
1088 2741 1182 2789 induta
1202 2748 1242 2789 est
1260 2749 1286 2790 et
1303 2741 1342 2790 hi·

242 2828 333 2887 matio,
352 2828 425 2893 quod
444 2844 459 2877 a
477 2833 552 2890 tergo
571 2828 649 2893 quasi
668 2828 722 2877 rica
741 2828 876 2878 sublatum
895 2835 936 2878 est
954 2830 998 2889 ita,
1022 2837 1050 2879 ut
1070 2836 1149 2895 caput
1167 2832 1260 2896 partim
1280 2847 1342 2896 ope·

243 2917 330 2967 riatur.
367 2918 468 2966 Dextra
496 2933 575 2966 manu
607 2916 773 2982 superiorem
801 2916 906 2966 himatii
923 2924 1024 2983 partem
1044 2919 1189 2984 protendit.
1228 2920 1343 2984 Figurae

242 3006 410 3069 negligenter
431 3006 537 3071 quidem
562 3005 714 3071 exsculptae
742 3011 810 3065 sunt,
840 3012 935 3065 tamen,
965 3022 998 3055 ne
1022 3005 1200 3071 anaglyphum
1223 3009 1342 3058 inferiori

243 3095 323 3144 aetati
347 3095 528 3161 attribuamus,
557 3095 702 3144 cavendum
727 3094 841 3145 videtur.
872 3123 904 3131 -
935 3095 964 3144 Si
990 3096 1049 3161 quis
1075 3096 1216 3159 imaginem
1240 3096 1342 3146 etiamsi

244 3183 353 3233 strictim
372 3183 531 3249 adspexerit,
553 3184 656 3233 videbit
674 3190 800 3249 utrosque
822 3184 949 3246 coniuges
968 3199 1082 3233 --uam
1101 3185 1137 3234 ita
1154 3200 1285 3250 personae
1304 3186 1342 3233 in·

243 3271 412 3335 tellegendae
431 3279 492 3322 sunt
517 3300 546 3308 -
572 3272 647 3321 nullo
674 3272 729 3321 alio
752 3273 860 3321 vinculo
885 3272 953 3321 inter
977 3287 1006 3321 se
1029 3274 1159 3322 contineri
1177 3274 1230 3322 nisi
1251 3273 1342 3339 spatii;

243 3377 303 3409 nam
321 3362 349 3410 in
368 3361 459 3411 dextra
483 3368 557 3427 parte
577 3361 755 3427 conspicimus
774 3361 884 3424 vulgare
908 3360 977 3410 illud
996 3360 1213 3427 ‘necrodipnon',
1241 3362 1342 3427 inquo

243 3449 283 3498 vir
301 3450 351 3498 sub
371 3450 455 3499 forma
473 3449 596 3499 Plutonis
620 3456 789 3499 consecratus
817 3457 934 3514 apparet,
963 3450 990 3499 in
1009 3450 1085 3499 laeva
1108 3451 1252 3516 anaglyphi
1268 3457 1343 3516 parte

244 3552 275 3586 ex
300 3538 410 3587 adverso
438 3554 466 3587 se
490 3537 604 3587 offerunt
627 3538 695 3587 duae
722 3538 836 3600 figurae,
867 3552 934 3602 quae
952 3553 1039 3603 neque
1064 3538 1139 3604 ipsae
1167 3555 1253 3604 neque
1280 3555 1342 3589 cum
1399 3595 1403 3598 ¹

244 3624 334 3675 alteris
361 3627 520 3689 coniugibus
546 3627 689 3691 quidquam
713 3632 801 3689 agunt.
838 3626 887 3676 Vir
909 3626 1067 3692 Aesculapii
1096 3628 1213 3693 speciem
1231 3642 1293 3692 prae
1312 3642 1341 3675 se

244 3715 294 3765 sert
312 3722 338 3765 et
356 3715 453 3765 baculo
478 3722 601 3781 serpente
624 3715 816 3765 circumvoluto
837 3722 863 3764 et
882 3722 939 3764 toto
958 3715 1052 3764 habitu
1070 3721 1096 3764 et
1115 3723 1192 3778 gestu
1199 3732 1205 3773 ;
1236 3730 1266 3764 ac
1284 3715 1342 3764 fieri

242 3810 340 3869 potest,
369 3811 397 3852 ut
415 3803 513 3852 femina
531 3805 566 3852 sit
583 3804 697 3868 Hygiea‚
729 3819 887 3868 quamquam
906 3803 971 3852 mihi
989 3804 1097 3868 quidem
1116 3803 1203 3868 ampla
1220 3802 1270 3851 illa
1289 3792 1343 3852 rica

243 3892 425 3955 gravissimam
448 3892 642 3941 dubitationem
662 3898 758 3942 movet.
795 3892 895 3941 Contra
913 3908 968 3941 non
986 3907 1103 3957 possum,
1132 3892 1197 3956 quin
1216 3891 1288 3941 hunc
1307 3893 1343 3939 fe-

242 3980 328 4028 minae
347 3979 467 4028 habitum
487 3996 546 4029 cum
565 3980 680 4038 feminis,
699 3980 813 4045 quaein
832 3980 1003 4045 necrodipnis
1024 3988 1050 4029 et
1069 3980 1200 4028 sexcentis
1213 3980 1273 4029 aliis
1286 3996 1342 4029 mo·

243 4069 374 4118 numentis
394 4068 587 4133 sepulcralibus
607 4070 810 4135 conspiciantur,
831 4070 971 4119 conferam.
993 4069 1046 4118 Sed
1061 4069 1125 4133 quid
1138 4068 1237 4117 multa?
1255 4067 1341 4117 Nemo

242 4173 357 4223 unquam
378 4158 472 4207 artifex
491 4159 556 4208 deos
576 4160 649 4208 iuxta
666 4159 798 4222 homines,
809 4166 928 4208 mortuos
950 4159 1084 4208 adstantes
1104 4157 1132 4207 in
1149 4157 1219 4206 bunc
1235 4156 1343 4205 modum

242 4245 389 4295 inauditum
415 4261 478 4295 sane
501 4246 584 4298 finxit.
621 4248 664 4296 Ac
689 4247 712 4295 si
735 4253 886 4313 reputemus
914 4246 963 4296 illa
992 4247 1162 4311 necrodipna,
1190 4244 1218 4292 in
1245 4244 1343 4310 quibus
