3234 5109
765 434 798 487 ²3

332 601 440 661 Obiter
460 607 573 659 mo‘neo
586 600 715 657 Athenis
727 617 851 674 quoque
871 597 1003 656 Anaceis
1020 598 1100 656 festo
1113 597 1334 658 Dioscurorum

238 704 389 779 parasitos
413 704 454 761 ad
476 704 582 778 epulas
613 700 794 759 sacrificales
826 701 979 758 admissos
1013 717 1091 759 esse.
1148 700 1183 755 In
1205 698 1333 755 Anaceo

238 806 319 861 enim
343 805 392 862 hic
407 805 567 879 legebatur
584 803 690 861 titulus
712 803 877 859 columnae
891 802 1070 877 inscriptus:
1093 800 1162 861 τοῖν
1184 799 1220 860 δὲ
1243 798 1333 876 βοοῖν

237 904 307 966 τοῖν
343 901 516 980 ἡγεμόνοιν
552 905 622 966 τοῖν
661 902 902 981 ἐξαιρουμένοιν
933 902 972 965 τὸ
1005 902 1063 980 μὲν
1095 900 1203 979 τρίτον
1236 900 1334 978 μέρος

238 1000 283 1080 εἰς
305 1003 363 1068 τὸν
385 1001 506 1082 ἀγῶνα,
535 1004 576 1067 τὰ
602 1005 638 1068 δὲ
661 1004 721 1068 δύο
744 1004 823 1082 μέρη
846 1004 884 1067 τὸ
907 1004 964 1081 μὲν
986 1002 1098 1080 ἕτερον
1120 1006 1166 1085 τῷ
1188 1000 1274 1079 ἱερεῖ,
1295 1001 1334 1063 τὸ

237 1105 273 1167 δὲ
292 1107 360 1181 τοῖς
382 1104 583 1186 παρασίτοις.
613 1108 739 1166 Polemo
762 1126 811 1183 ap.
835 1108 946 1168 Athen.
968 1106 1022 1174 VI,
1048 1100 1186 1181 235b1).
1231 1105 1334 1178 Atque

237 1207 388 1266 Helenam
407 1226 531 1284 quoque
553 1219 672 1285 partem
695 1211 815 1285 cepisse
839 1210 1033 1267 Anaceorum
1056 1207 1150 1264 tradit
1166 1206 1334 1264 Pausanias
1415 1268 1418 1274 .

237 1309 340 1366 rhetor
369 1329 415 1385 ap.
438 1311 546 1369 Eusth.
570 1310 630 1371 Od.
653 1312 677 1379 I,
701 1307 771 1386 399,
793 1331 824 1387 p.
841 1325 928 1383 1425.
984 1307 1074 1380 Quae
1103 1326 1172 1365 cum
1193 1308 1236 1364 ita
1265 1308 1334 1375 sint,

238 1412 310 1469 mihi
333 1412 458 1487 quidem
481 1413 641 1470 verisimile
672 1412 704 1470 fit
735 1412 848 1470 festum
871 1411 1059 1469 Atheniense
1088 1428 1124 1466 ex
1148 1409 1335 1467 Theoxeniis

238 1514 394 1588 Spartanis
417 1521 523 1578 natum
546 1532 624 1572 esse.

336 1614 410 1671 Iam'
423 1632 496 1671 vero
519 1614 576 1673 hac
600 1615 817 1689 disputationis
836 1622 967 1694 'nostrae
982 1612 1133 1689 particula
1147 1619 1336 1687 pertractata

237 1716 390 1772 imitemur
413 1715 658 1783 mathematicos
682 1715 733 1788 qui
756 1732 825 1771 cum
848 1714 940 1771 finem
962 1714 1163 1789 computandi
1186 1712 1334 1778 fecerunt,

238 1816 297 1873 alia
320 1816 438 1873 ratione
461 1815 600 1873 instituta
634 1816 721 1890 quasi
749 1824 915 1872 retrorsum
938 1822 1047 1872 euntes
1069 1814 1229 1871 veritatem
1252 1829 1335 1869 com·

238 1918 405 1993 putationis
428 1918 569 1992 probant.
622 1917 791 1975 Videamus
824 1918 925 1993 igitur,
957 1935 1032 1973 num
1054 1917 1128 1991 ipsis
1149 1915 1335 1996 nominibus,

238 2036 318 2094 quae
341 2020 417 2076 tituli
433 2020 528 2077 nostri
544 2020 732 2087 contineant,
757 2020 872 2093 aliquid
887 2020 968 2087 insit,
992 2019 1078 2092 quod
1098 2019 1139 2075 ad
1154 2017 1336 2074 Theoxenia

241 2128 369 2195 spectet.
425 2121 534 2195 Agitur
562 2122 601 2177 de
623 2121 749 2178 nomine
770 2113 962 2193 ‘the'ttrotg',
990 2120 1075 2193 quod
1096 2118 1259 2175 intabulis
1280 2135 1336 2174 no-

239 2222 307 2279 stris
336 2230 445 2295 quater
479 2222 590 2296 legitur
622 2218 674 2299 (C;
699 2221 721 2278 B
744 2240 789 2280 vv.
815 2238 848 2294 23
873 2238 907 2295 33
933 2216 975 2297 5).
1022 2220 1059 2277 Id
1086 2237 1199 2276 nomen
1229 2219 1336 2293 procul

238 2323 332 2380 dubio
355 2324 571 2399 explicandum
593 2333 654 2382 est:
690 2320 709 2384 ὁ
736 2323 803 2384 τῶν
833 2323 915 2383 σιῶν
937 2320 1052 2397 δέκτης
1074 2317 1152 2404 (Od.
1170 2318 1224 2386 IV,
1250 2316 1334 2398 248),

238 2423 256 2481 i.
275 2439 301 2481 e.
324 2417 343 2481 ὁ
364 2419 442 2499 τοὺς
464 2418 595 2500 norff)
619 2419 794 2498 δεξάμενος
817 2424 864 2479 vel
886 2425 1016 2492 rectius,
1032 2432 1065 2480 ut
1087 2423 1225 2489 arbitror,
1248 2418 1267 2482 ὁ
1289 2419 1335 2482 τὼ

238 2664 351 2713 Prorsus
375 2664 453 2713 aliam
478 2665 512 2713 de
535 2664 614 2714 titulo
642 2672 733 2714 nostro
757 2665 914 2715 sententiam
938 2655 1039 2730 profert
1057 2665 1172 2714 Foucart
1190 2661 1241 2731 (les
1260 2682 1337 2714 asso-

239 2754 352 2802 ct‘ations
367 2756 530 2816 religieuses
542 2770 568 2819 p.
583 2766 616 2816 30
629 2761 684 2805 not.
701 2756 740 2821 1):
760 2754 835 2802 ‘Une
848 2756 945 2802 socztte
955 2756 1104 2817 religieuse
1117 2756 1150 2801 de
1162 2755 1270 2817 Sparte,
1289 2757 1339 2819 qui

239 2841 276 2887 du
285 2847 408 2889 reticeri
418 2841 502 2890 toutri
512 2843 576 2909 fait
590 2843 732 2908 differente
746 2844 792 2891 des
804 2844 914 2918 tht'trses,
932 2842 1000 2907 affre
1016 2838 1158 2905 l'exemple
1176 2841 1260 2890 d’une
1274 2844 1337 2891 litte

238 2945 311 2977 assez
330 2931 456 2994 complete
474 2932 521 2979 des
544 2931 687 2997 fonctions
708 2933 879 2981 subalternes
908 2947 942 2978 ou
967 2932 1013 2979 des
1041 2933 1149 2979 merim
1170 2933 1336 2979 necessaires

239 3033 276 3064 au
300 3021 460 3067 ceremonias
489 3021 526 3067 du
545 3020 627 3069 culte²
672 3023 748 3069 Haec
777 3022 919 3086 explicatio
944 3021 1078 3086 quomodo
1105 3035 1164 3069 cum
1188 3018 1238 3067 illo
1256 3017 1335 3069 titulo

238 3106 386 3166 conveniat,
407 3122 457 3170 ego
476 3123 530 3156 non
549 3108 686 3171 intellego
734 3111 804 3159 Nam
830 3110 852 3159 si
877 3125 923 3159 eos
942 3108 1073 3174 homines,
1098 3108 1143 3173 qui
1162 3107 1335 3157 interioribus

239 3193 334 3244 officiis
354 3195 437 3243 functi
456 3202 517 3245 sunt
534 3194 587 3259 (vv.
605 3209 688 3260 12-3
693 3196 721 3263 5)
738 3198 847 3263 excipis,
866 3198 979 3246 habebis
992 3203 1095 3262 praeter
1104 3196 1245 3245 Nicoclem
1264 3212 1337 3261 prae·

239 3283 324 3332 sidem
336 3289 437 3334 tantum
450 3283 524 3333 illam
538 3285 704 3335 sacerdotum
718 3285 845 3336 familiam
859 3293 885 3335 et
898 3286 1019 3348 singulos
1032 3286 1199 3347 magistratus
1220 3300 1234 3333 e
1249 3285 1337 3348 singu·

239 3371 273 3420 lis
293 3371 417 3435 collegiis
436 3372 549 3423 electos:
570 3371 666 3437 βίδυον
685 3372 730 3438 (de
750 3390 803 3439 quo
822 3390 929 3423 munere
949 3375 982 3424 cf.
1003 3372 1167 3422 Boeclrhium
1185 3374 1212 3421 in
1226 3374 1255 3423 C.
1267 3375 1288 3424 Ι,
1303 3373 1335 3424 G.

239 3461 260 3519 I,
279 3476 304 3525 p.
320 3460 392 3525 609),
412 3460 527 3526 ἔφορον,
546 3462 740 3526 νομοφύλακα,
760 3460 924 3525 οἰκονόμον;
953 3469 979 3511 et
998 3477 1030 3511 ex
1051 3462 1089 3510 eis
1110 3460 1278 3510 sodalitatem
1298 3477 1337 3510 sa·

240 3562 310 3596 cram
338 3550 490 3598 constitisse
518 3551 574 3599 veri
600 3551 807 3600 dissimillimum
832 3558 880 3601 est.
927 3553 1012 3600 Porro
1041 3550 1131 3599 obstat
1158 3550 1251 3602 titulus
1278 3566 1337 3599 ana·

240 3635 332 3701 glyphi
343 3637 379 3695 H,
402 3638 473 3701 quod
492 3639 525 3687 ad
542 3639 610 3688 hauc
629 3646 859 3689 monumentorum
879 3639 974 3689 seriem
991 3639 1123 3704 pertinere
1141 3649 1225 3687 nemov
1238 3638 1335 3687 infitias

239 3723 302 3789 ibit3
321 3740 380 3773 nam
399 3725 443 3774 hic
465 3733 600 3777 senatores
620 3727 775 3793 (γέροντες)
794 3728 943 3777 invenimus
963 3733 1095 3778 enotatos.

342 3809 367 3878 ι)
386 3813 425 3863 Cf.
437 3814 473 3865 A.
488 3815 521 3863 de
534 3812 699 3881 Kampenum
710 3817 743 3865 de
753 3818 876 3882 parasitis
887 3833 914 3882 p.
926 3829 959 3882 47
970 3833 1009 3881 sq.
1028 3816 1103 3865 Idem
1113 3832 1138 3881 p.
1152 3828 1186 3879 49
1198 3816 1246 3865 illa
1256 3816 1336 3866 Dios·

240 3915 362 3949 curorum
374 3900 509 3967 ‘prandia’
521 3902 555 3966 (v.
569 3919 637 3968 supr.
650 3921 676 3969 p.
687 3918 703 3967 4
715 3903 766 3971 sq.)
780 3921 834 3953 non
848 3906 876 3954 in
886 3907 1028 3967 Prytaneo,
1048 3911 1076 3953 ut
1086 3906 1157 3969 apud
1166 3904 1336 3955 Athenaeum

239 3988 359 4048 traditur,
379 3990 426 4038 sed
447 3990 475 4038 in
493 3991 604 4040 Anaceo
623 3993 743 4041 instituta
762 4009 821 4042 esse
839 3999 928 4059 putat;
951 3994 1051 4043 talibus
1071 4000 1157 4042 autem
1177 3994 1335 4043 coniecturis

239 4093 298 4126 eum
316 4078 477 4127 abstinuisse
495 4079 610 4131 mallem.

338 4163 366 4232 2)
387 4166 487 4218 Athen.
502 4169 578 4233 VIII,
592 4185 617 4234 p.
630 4169 679 4232 382
691 4170 723 4219 i:
743 4170 810 4232 τοὺς
823 4170 906 4238 θεοὺς
918 4169 945 4221 οἱ
958 4169 1089 4232 Λάκωνες
1102 4170 1179 4233 σιούς
1192 4183 1287 4234 φασιν.
1301 4200 1335 4209 -

238 4253 366 4304 Similiter
385 4256 496 4305 formata
514 4263 576 4306 sunt
594 4259 725 4309 vocabula
743 4259 873 4324 σιοκόρος
885 4260 964 4317 Hes.;
984 4258 1106 4324 οιοείδης
1125 4265 1151 4308 et
1170 4257 1274 4324 σιείδης
1292 4260 1334 4314 Et.

238 4343 275 4393 M.
293 4358 317 4394 v.
338 4341 570 4411 Ἀραιτασιείδης;
590 4345 727 4413 Σειμήδης
745 4364 825 4413 supra
843 4348 871 4396 in
889 4347 975 4410 anagl.
994 4348 1030 4398 H.
