3234 5109
281 539 327 579 vv.
353 520 406 579 dd.
437 519 634 595 scripserunt,
667 527 699 577 et
725 521 797 578 artis
822 521 961 580 Graecae
992 522 1108 597 aliquot
1129 529 1328 578 monumenta
1349 528 1382 577 et

285 620 422 679 nonnulli
444 621 523 679 tituli
545 620 644 678 lucem
666 619 817 692 viderunt,
840 624 1075 698 unde‘apparet
1097 622 1234 680 Graecos
1257 639 1381 697 quoque

281 721 354 779 inde
376 738 394 776 a
416 722 523 796 quinto
546 722 671 780 saeculo
695 740 721 782 a.
745 721 814 783 Chr.
837 742 867 783 n.
891 724 1063 799 complures
1088 724 1165 781 deos
1186 723 1380 780 lectisterniis

283 822 432 891 coluisse;
455 839 557 896 neque
572 838 695 897 prorsus
711 823 825 881 desunt
841 825 1016 901 scriptores,
1039 826 1091 899 qui
1113 824 1197 882 idem
1219 831 1380 882 testantur.

282 923 387 995 Quare
409 924 582 980 cavendum
600 923 727 992 videtur,
751 941 790 980 ne
806 933 948 1000 putemus
964 925 1123 983 Romanos
1139 942 1177 981 ex
1192 923 1380 981 Theoxeniis

280 1023 429 1100 Apollinis
453 1024 552 1081 solum
574 1023 831 1082 lectisterniorum
852 1026 994 1082 notitiam
1015 1027 1150 1101 petiisse.

379 1126 527 1184 Attamen
559 1142 678 1182 summo
707 1126 771 1181 iure
793 1124 960 1184 Prellerum
988 1129 1030 1184 de
1052 1127 1103 1184 illo
1127 1127 1206 1184 festo
1229 1125 1380 1201 Delphico

281 1226 438 1283 monuisse
460 1242 531 1281 mox
555 1225 735 1284 videbimus,

380 1325 547 1383 Habebant
568 1327 650 1384 enlm
674 1324 786 1384 Graeci
814 1328 968 1402 quaedam
1000 1346 1097 1395 sacra,
1125 1346 1206 1403 quae
1228 1313 1391 1385 communi

279 1428 404 1485 nornine
424 1424 533 1489 ξένια
555 1428 710 1503 προείλετο
731 1428 815 1488 licet.
859 1422 973 1486 Modus
997 1430 1188 1487 sacrificandi
1209 1430 1240 1486 in
1261 1429 1381 1485 univer·

279 1544 347 1586 sum
370 1529 396 1585 is
418 1535 493 1597 erat,
513 1521 559 1584 'ut
580 1528 669 1586 variis
692 1528 768 1586 cibis
790 1529 821 1586 in
852 1546 960 1587 mensa
983 1548 1069 1588 sacra
1093 1530 1250 1587 collocatis
1272 1530 1380 1604 aliquis

281 1629 358 1685 deus
384 1636 438 1685 aut
460 1627 550 1684 heros
571 1628 713 1703 precibus
735 1629 776 1686 ad
800 1630 988 1704 epulandum
1002 1632 1188 1689 invitaretur.
1223 1631 1273 1687 Ad
1294 1647 1380 1686 men·

279 1746 345 1787 sam
364 1745 426 1784 non
441 1746 509 1785 raro
525 1736 579 1785 aut
593 1728 786 1786 simulacrum
801 1739 854 1786 aut
870 1731 1038 1804 symbolum
1054 1732 1105 1788 dei
1120 1728 1143 1806 ¹)
1166 1731 1381 1807 apponebatur

279 1837 418 1888 autnon
441 1829 528 1886 aliter
554 1837 647 1904 atque
669 1828 783 1886 homiui
804 1830 941 1906 epulanti
964 1832 1059 1889 lectus
1082 1832 1237 1907 tapetibus
1260 1840 1293 1888 ct
1313 1832 1379 1907 pul·
1414 1825 1417 1836 ’

223 1985 226 1996 ,
280 1931 355 1988 vinis
378 1931 586 1988 exornabatur
597 1924 632 2006 2).
686 1930 732 1988 Ac
758 1932 820 1990 veri
849 1932 945 1989 simile
972 1941 1020 1991 est
1049 1933 1079 1989 in
1109 1932 1195 1989 lectis
1219 1934 1380 1992 simulacra

281 2031 328 2086 vel
351 2031 486 2105 symbola
509 2032 639 2087 deorum
659 2032 761 2105 posita
784 2048 869 2101 esse;
894 2040 978 2090 certe
1001 2050 1039 2089 eo
1061 2035 1155 2090 modo
1173 2032 1378 2090 Athenienses
1428 2095 1432 2100 ,

280 2131 407 2189 Aiacem
418 2127 455 2206 ⁸),
484 2131 599 2189 Rhodii
621 2131 825 2190 Harmodium
850 2141 882 2189 et
904 2133 1145 2210 Aristogitonem
1156 2133 1183 2209 ⁴)
1210 2134 1379 2193 coluerunt.

278 2230 376 2289 Vides
392 2231 491 2307 igitur,
515 2223 673 2307 quomodo
694 2233 890 2302 lectisternia,
913 2251 993 2308 quae
1015 2235 1158 2292 Romano
1179 2236 1305 2292 nomine
1327 2252 1379 2291 νο·

282 2341 399 2402 cantur,
423 2334 502 2391 inter
524 2327 643 2391 ‘xenia'
665 2336 857 2392 numeranda
878 2336 948 2392 siut.

379 2433 608 2509 Distinguenda
630 2443 701 2491 sunt
722 2435 814 2491 xenia
834 2436 953 2510 privata
975 2452 994 2491 a
1014 2435 1144 2511 publicis
1167 2436 1295 2496 xeniis‘
1323 2437 1379 2495 Illa

281 2534 437 2593 celebrata
459 2543 570 2594 sunta
592 2536 717 2611 singulis
739 2535 913 2595 hominibus
935 2537 983 2594 vel
1005 2554 1024 2593 a
1046 2537 1166 2595 familiis
1182 2539 1245 2595 sive
1260 2546 1294 2595 ut
1309 2539 1376 2595 deis

381 2756 404 2829 1)
424 2763 485 2810 Hoc
503 2761 583 2810 modo
604 2776 627 2810 e.
643 2776 669 2825 g.
689 2761 907 2811 Chaeroneenses
938 2767 1068 2826 sceptrum
1087 2762 1296 2825 Agamemnonis
1316 2762 1378 2813 ado·
1423 2742 1432 2751 ¹

276 2849 385 2915 rabant;
417 2851 450 2901 cs.
469 2850 547 2900 Paus.
566 2850 619 2908 IX,
640 2863 683 2911 40,
706 2862 804 2914 11sq.:
832 2853 920 2901 τοῦτο
946 2849 998 2901 οὖν
1026 2850 1060 2901 τὸ
1089 2852 1235 2917 σκῆπτρον
1254 2851 1376 2919 σέβουσι,

279 2937 347 3005 δόρυ
367 2937 562 3001 ὀνομάζοντες.
584 2965 616 2974 -
636 2965 668 2974 -
691 2966 721 2976 -
744 2936 818 3000 Ναὸς
836 2936 866 2989 δὲ
879 2938 932 2989 οὐκ
944 2938 1021 2990 ἔστιν
1033 2938 1111 3005 αὐτῷ
1125 2937 1248 3006 δημοσίᾳ
1259 2954 1377 3005 πεποιη-

278 3026 369 3092 μένος,
400 3026 470 3082 ἀλλὰ
489 3026 561 3079 κατὰ
580 3027 644 3089 ἔτος
663 3027 784 3079 ἕκαστον
815 3027 831 3078 ὁ
859 3024 1011 3092 ἱερώμενος
1038 3026 1069 3079 ἐν
1097 3025 1227 3091 οἰκήματι
1259 3027 1316 3091 ἔχει
1342 3027 1376 3080 τὸ

278 3117 435 3182 σκῆπτρον·
465 3115 510 3167 καὶ
536 3113 563 3167 ol
586 3112 681 3168 euolat
707 3113 761 3167 ἀνὰ
783 3117 878 3166 πᾶσαν
906 3113 1013 3180 ἡμέραν
1041 3114 1157 3167 θύονται
1185 3116 1230 3166 καλ
1251 3115 1377 3182 τράπεζα

277 3203 443 3271 παράκειται
459 3202 652 3256 παντοδαπῶν
671 3205 762 3269 κρεῶν
781 3202 827 3254 καί
845 3201 999 3266 πεμμάτων
1016 3200 1132 3268 πλήμης.

377 3291 405 3359 2)
424 3292 506 3342 Haud
525 3292 606 3341 dubie
624 3291 697 3350 lecti,
726 3306 792 3356 quos
823 3290 851 3339 in
882 3289 1064 3355 compluribus
1091 3289 1197 3355 templis
1222 3305 1251 3339 se
1275 3291 1376 3340 vidisse

278 3381 421 3431 Pausanias
449 3385 546 3439 narrat,
573 3378 796 3429 lectisterniorum
827 3393 906 3427 causa
932 3378 1081 3429 adfuerunt.
1127 3379 1205 3427 Paus.
1224 3378 1262 3437 H,
1284 3390 1326 3442 17,
1345 3391 1373 3443 2;

276 3469 312 3535 V,
332 3481 375 3528 20,
397 3482 424 3529 13
452 3468 530 3526 VIII,
550 3479 592 3533 47,
612 3480 641 3532 23
669 3468 707 3528 X,
727 3479 770 3530 32,
789 3467 814 3518 8.
858 3466 899 3516 cl.
919 3467 997 3515 etiam
1015 3468 1082 3516 Hes,
1100 3481 1124 3516 v.
1145 3464 1251 3528 πλακίς.
1289 3468 1376 3517 Meier

276 3557 357 3607 Hall.
376 3559 476 3624 encycl.
496 3562 560 3607 sect.
574 3556 623 3617 111,
645 3568 686 3616 10,
705 3572 731 3621 p.
743 3555 803 3618 289.
829 3555 910 3604 Plura
919 3553 1054 3617 congessit
1064 3552 1201 3603 Biitticher
1212 3556 1329 3605 tektonik
1339 3557 1375 3615 11,

276 3656 365 3712 p·554
379 3661 436 3713 sqq·

377 3741 404 3799 3)
424 3734 464 3785 Cs.
484 3732 568 3784 schol.
589 3733 668 3782 Pind.
687 3732 765 3783 Nem.
786 3732 823 3792 11,
846 3743 891 3792 19:
931 3731 977 3783 διὰ
999 3734 1079 3795 τιμῆς
1097 3730 1168 3795 ἦγον
1188 3729 1215 3783 οἱ
1232 3730 1375 3797 Ἀθηναῖοι

276 3822 327 3875 τὸν
346 3821 452 3874 Αἴαντα
471 3821 560 3884 ὡς-
583 3850 616 3859 -
636 3822 681 3874 καλ
697 3819 793 3886 κλίνην
813 3820 891 3888 αὐτῷ
913 3819 983 3885 μετὰ
1002 3817 1158 3881 πανοπλίας
1177 3825 1373 3885 κατακοσμεῖν.

275 3912 413 3974 Quacum
431 3908 573 3976 πανοπλίᾳ
594 3911 740 3977 comparari
759 3916 872 3976 possunt
895 3909 1020 3959 ‘exuviae
1039 3907 1170 3973 deomm‘,
1199 3909 1296 3973 quibus
1315 3911 1373 3958 Ro·

275 3999 346 4049 mani
364 4000 514 4049 utebantur.

375 4085 404 4154 4)
423 4086 484 4139 Val.
503 4087 574 4138 Max.
592 4084 629 4147 ΙΙ,
651 4099 691 4147 10,
717 4092 781 4138 extr.
804 4097 829 4137 1:
868 4084 986 4135 ‘Rhodii
1008 4099 1053 4134 eas
1079 4080 1128 4152 (sc.
1147 4084 1249 4147 effigies
1276 4099 1372 4136 aeneas
1415 4122 1417 4126 -

275 4175 417 4226 Harmodii
437 4181 463 4225 et
481 4173 687 4242 Aristogitonis)
715 4174 776 4224 urbi
804 4189 867 4223 suae
895 4173 1021 4239 adpulsas
1040 4188 1098 4222 cum
1116 4172 1144 4221 in
1163 4171 1308 4237 hospitium
1326 4189 1374 4239 pu·

275 4263 346 4314 blice
366 4264 532 4329 invitassent,
551 4263 633 4314 sacris
652 4265 730 4314 etiam
748 4263 777 4312 in
794 4261 978 4328 pulvinaribus
996 4257 1220 4311 conlocaverunt'.

1565 4003 1572 4086 l
