3234 5109
791 438 826 490 30

266 600 298 657 iu
318 599 484 673 hospitium
505 600 673 696 rpcepisset
687 593 719 674 ¹).
752 597 858 657 Plures
884 600 976 656 etiam
988 598 1107 658 Cereris
1129 600 1267 675 hospites
1290 618 1365 656 enu-

266 718 384 759 merare
406 717 542 776 possum,
573 700 656 756 velut
678 698 805 757 Celeum
826 695 985 776 (Apollod.
1007 699 1059 770 III,
1086 717 1132 774 14,
1157 696 1199 777 7),
1234 710 1265 758 et
1286 700 1365 758 Her·

202 793 207 802 ’
267 802 369 859 chium
386 801 459 876 pagi
476 818 660 875 eponymum
678 799 793 874 (Steph.
810 800 843 860 Β.
858 820 885 860 v.
895 794 1030 877 Ἔρχιά).
1070 802 1230 860 Verumin
1248 802 1293 860 his
1314 821 1364 860 ac·

267 904 435 978 quiescam.
470 901 573 959 Vnum
591 910 710 959 tantum
727 901 848 958 adferre
869 903 951 962 libet.
987 902 1115 962 Ovidius
1145 905 1226 961 enim
1243 914 1364 981 raptum

268 1003 469 1079 Proserpinae
481 1004 630 1060 relaturus
645 994 742 1080 (Fast.
755 1002 809 1069 IV,
822 1000 894 1080 424)
913 1013 1016 1065 narrat
1030 1006 1214 1064 Arethusam
1236 1014 1268 1062 et
1290 1006 1364 1063 alias

272 1105 348 1162 deas
372 1112 404 1161 et
425 1102 569 1161 Cererem
590 1105 632 1161 ad
664 1098 782 1161 ‘sacras
812 1099 927 1178 dapes'
956 1107 1101 1189 invitasse
1109 1124 1116 1176 ;
1148 1108 1233 1181 quod
1256 1107 1367 1165 Preller

269 1200 325 1281 (ad
346 1204 462 1265 Polem.
485 1224 515 1280 p.
532 1200 586 1280 67)
608 1206 827 1280 interpretatus
849 1214 912 1263 est:
943 1200 1140 1265 ‘Theoxenia
1161 1216 1306 1283 parantur
1328 1208 1366 1266 ab

269 1307 423 1365 Arethusa
445 1303 478 1383 (i.
500 1326 527 1366 e.
549 1307 722 1364 Arethusae
744 1303 954 1383 parabantur),
983 1310 1098 1366 adsunt
1121 1318 1224 1367 cetera
1245 1308 1367 1366 Siculae

268 1408 424 1483 religionis
446 1408 580 1476 numina,
604 1408 683 1464 inter
704 1426 742 1464 ea
765 1405 860 1465 Ceres
883 1417 914 1464 et
937 1407 1119 1483 Proserpina
1128 1404 1145 1467 ³.
1168 1407 1240 1467 Non
1262 1412 1367 1483 inepte

270 1510 406 1584 quidem,
441 1510 498 1566 sed
520 1526 636 1578 vereor,
664 1526 704 1564 ne
736 1508 781 1565 his
805 1507 908 1566 Ovidii
939 1510 1037 1567 verbis
1059 1511 1185 1568 nimiam
1209 1510 1368 1567 veritatem

269 1610 440 1667 attribuerit
452 1603 487 1684 ί).

370 1710 514 1786 Denique
537 1711 733 1787 inspiciamus
755 1713 891 1788 hospitia
912 1712 1066 1773 Bacchi.
1101 1713 1131 1770 Is
1155 1714 1231 1769 deus
1254 1712 1367 1786 ubique

277 1814 339 1870 lere
360 1807 513 1887 ιἀμοιβὰς
534 1813 591 1888 τῆς
614 1808 817 1889 φιλοξενίας’
839 1809 947 1890 (schol.
964 1815 1014 1874 Ar.
1039 1831 1108 1890 eqq.
1132 1809 1207 1890 698)
1230 1814 1367 1882 donavit,

272 1914 304 1971 id
338 1915 423 1987 quod
457 1914 500 1983 ei,
545 1923 578 1970 ut
612 1915 759 1988 vidimus,
798 1933 867 1972 cum
903 1916 968 1973 aliis
1006 1917 1071 1973 deis
1109 1934 1271 1974 commune
1312 1922 1368 1973 est.

271 2014 431 2088 Calydone
461 2013 602 2073 Oeneum
629 2016 759 2073 visitavit
791 2018 881 2091 eique
914 2018 1006 2074 vitem
1039 2019 1124 2075 dono
1158 2018 1246 2074 dedit
1273 2013 1368 2092 (Hyg.

373 2237 399 2306 1)
418 2240 504 2289 Versa
521 2240 579 2288 vice
592 2238 740 2304 Cychreum
753 2238 956 2288 Salaminiorum
974 2239 1084 2288 heroem
1096 2239 1225 2288 Eleusine
1245 2254 1260 2286 a
1272 2238 1368 2287 Cerere

270 2333 406 2392 receptum
425 2333 451 2375 et
478 2325 669 2391 ‘dpcpirmltov'
698 2327 764 2375 deae
784 2327 881 2375 iactum
900 2341 959 2376 esse
978 2327 1116 2376 Hesiodus
1136 2325 1188 2392 (ap.
1209 2327 1294 2377 Strab.
1314 2328 1366 2383 IX,
1412 2393 1415 2400 st

270 2431 295 2480 p.
308 2426 357 2477 303
379 2437 411 2461 =
432 2416 523 2480 Steph.
543 2416 574 2466 Β.
593 2432 616 2466 ν.
635 2413 765 2480 Κυχρείας
783 2413 885 2481 πάγος)
904 2414 1026 2464 narravit.

209 2565 215 2576 ·
370 2503 571 2569 Phytalidarum
590 2519 655 2566 gens
674 2503 779 2553 Theseo
803 2518 911 2568 quoque
929 2503 1076 2568 hospitium
1093 2504 1249 2569 praebuisse
1269 2504 1370 2552 fereba-

270 2597 324 2648 tur;
343 2592 413 2662 Blut.
426 2591 508 2642 Thes.
521 2593 591 2640 XII:
611 2591 711 2657 ἄνδρες
729 2591 759 2643 ἐκ
778 2595 830 2643 τοῦ
850 2591 1016 2644 Φυταλιδῶν
1035 2592 1136 2655 γένους
1155 2590 1370 2656 ἀπαντήσαντες

271 2677 438 2743 ἠσπάσαντο
457 2682 565 2745 πρῶτοι
586 2707 616 2715 -
639 2708 671 2715 -
691 2680 736 2730 καί
760 2677 878 2743 μειλίχια
902 2679 1039 2743 θύσαντες
1064 2679 1208 2733 εἱστίασαν
1228 2679 1300 2732 οίκοι
1325 2680 1369 2747 (cf.

205 2835 209 2838 .
271 2769 350 2817 Paus.
369 2769 394 2832 1,
412 2779 455 2831 37,
470 2768 506 2834 3).
526 2769 612 2831 Qnam
631 2768 666 2816 ob
686 2783 740 2816 rem
758 2768 916 2832 Phytalidae
937 2768 1130 2834 Oschopboriis
1149 2776 1295 2834 praeerant,
1314 2768 1369 2834 Θη-

272 2855 345 2919 σέως
373 2855 532 2918 ἀποδόντος
560 2856 656 2918 αὐτοῖς
674 2855 794 2920 ἀμοιβὴν
812 2857 863 2920 τῆς
883 2855 1041 2921 φιλοξενίας
1064 2859 1147 2924 (Plut.
1166 2859 1246 2909 Thes.
1266 2859 1370 2907 XXIII

274 2943 359 3012 extr).
389 2945 428 2997 Cf.
453 2947 487 2995 de
510 2945 589 2994 huius
611 2945 672 2994 festi
689 2945 859 2994 caerimoniis
878 2946 915 2995 A.
934 2948 1128 2997 Mommsenum
1145 2950 1259 2999 heortol.
1278 2965 1303 3014 p.
1320 2959 1367 3011 271

273 3049 330 3099 sqq.
349 3034 424 3100 impr.
443 3051 468 3100 p.
483 3034 543 3099 284.

373 3118 401 3189 2)
421 3122 541 3172 Gerhard
560 3129 759 3173 monumentum
776 3138 960 3183 marmoreum,
979 3124 1053 3189 quod
1072 3124 1100 3173 in
1118 3133 1175 3175 ant.
1197 3126 1285 3174 bildw.
1307 3122 1371 3188 (tab.

272 3210 362 3273 111,4;
382 3227 408 3275 p.
421 3222 468 3274 47;
489 3210 522 3261 ci.
537 3212 616 3260 akad.
630 3212 691 3261 abir.
706 3212 742 3276 ΙΙ,
757 3227 783 3276 p.
797 3212 847 3275 576
863 3218 889 3260 et
904 3222 956 3273 390
975 3217 1028 3263 not.
1046 3225 1104 3273 144,
1129 3212 1183 3263 tab.
1196 3211 1331 3268 LXXIX,
1343 3207 1372 3276 2)

274 3298 365 3362 edidit,
382 3314 431 3364 pro
451 3298 614 3348 lectisternio
634 3298 737 3348 Cereris
758 3308 784 3348 et
802 3300 979 3366 Proserpinae
997 3300 1099 3350 habuit.
1135 3300 1168 3347 In
1186 3298 1281 3347 humili
1300 3297 1371 3346 lecto

276 3401 292 3435 a
308 3387 396 3437 fronte
416 3389 545 3452 serpentis
564 3387 679 3449 imagine
698 3395 789 3437 ornato
805 3388 939 3437 collocata
958 3394 1018 3436 sunt
1039 3388 1148 3436 duarum
1168 3387 1276 3435 dearum
1294 3381 1372 3434 simu·

272 3475 352 3542 lacra,
372 3492 484 3540 quorum
503 3476 589 3541 capita
608 3476 746 3541 deperdita
759 3481 833 3533 sunt;
855 3476 943 3539 longis
958 3476 1077 3525 vestibus
1091 3475 1185 3523 induta
1197 3481 1269 3532 sunt;
1290 3473 1372 3523 altera

275 3563 332 3624 dea,
360 3564 422 3629 quia
442 3565 562 3613 dextrum
581 3571 674 3629 pectus
700 3564 780 3613 habet
808 3564 944 3628 nudatum,
971 3563 1081 3626 virginis
1107 3562 1226 3612 habitum
1246 3563 1373 3613 ostendit.

274 3651 327 3700 Sed
346 3667 405 3700 cum
424 3652 541 3702 inlecto
562 3654 640 3701 etiam
658 3659 784 3718 quattuor
802 3651 910 3701 leonum
929 3651 1057 3714 imagines
1079 3651 1280 3716 conspiciamus,
1302 3656 1373 3699 certe

275 3739 390 3788 dubitari
413 3746 510 3804 potest,
540 3757 602 3789 num
627 3742 721 3790 artifex
747 3756 775 3789 re
794 3756 856 3789 vera
875 3740 997 3789 Cererem
1022 3741 1132 3804 eiusque
1155 3739 1236 3788 filiam
1259 3738 1374 3788 voluerit

277 3826 385 3889 fingere.
411 3854 446 3863 -
469 3827 543 3876 Sella
562 3844 707 3878 marmorea
729 3828 832 3878 Cereris
852 3829 983 3877 attributis
1003 3828 1165 3893 symbolisve
1185 3834 1310 3876 exornata
1328 3826 1374 3874 de·

274 3914 373 3965 lineata
395 3916 482 3964 estin
499 3917 575 3967 Mus.
594 3918 625 3967 P.
646 3916 685 3968 Cl.
701 3918 763 3977 Vll,
783 3929 816 3982 45
838 3938 872 3961 =
892 3917 1022 3966 Bouillon
1039 3917 1090 3975 111,
1111 3927 1157 3980 753
1187 3916 1271 3965 altera
1290 3920 1374 3965 exstat

274 4003 414 4068 Monachi,
454 4004 486 4053 cf.
506 4001 652 4054 Brunnium
677 4007 816 4070 glyptotlz.
843 4022 868 4057 n.
893 4006 958 4068 2463
991 4005 1091 4054 Venuti
1120 4005 1197 4055 Mon.
1216 4004 1318 4065 Matth.
1337 4003 1373 4060 11,

276 4104 318 4155 73,
336 4103 357 4143 1.
394 4093 494 4141 Moneo
514 4092 542 4140 id
562 4107 594 4140 ea
613 4092 646 4141 de
665 4108 752 4151 causa,
773 4093 845 4157 quod
864 4109 919 4142 non
937 4093 1047 4141 dubium
1067 4098 1115 4152 est,
1136 4092 1275 4156 quincius
1296 4104 1373 4153 gene·

274 4180 311 4229 ris
331 4179 414 4229 sellae
435 4195 466 4229 ex
481 4179 519 4228 eis
537 4179 709 4229 lectisterniis
723 4187 800 4230 natae
814 4182 875 4238 sint,
893 4181 1031 4246 inquibus
1051 4180 1219 4229 celebrandis
1238 4195 1293 4227 non
1309 4177 1373 4226 lecti

276 4267 324 4317 sed
345 4267 427 4317 sellae
447 4267 637 4317 adhiberentur
661 4283 748 4332 neque
768 4269 878 4317 deorum
898 4268 973 4330 signa
997 4267 1045 4317 sed
1069 4267 1192 4333 symbola
1210 4273 1311 4316 tanturn
1329 4264 1374 4314 ad·

276 4363 378 4416 essent;
398 4357 431 4407 cs.
452 4355 599 4406 Brunnium
618 4373 682 4407 ann.
703 4357 728 4405 d.
746 4357 816 4407 Inst.
840 4354 915 4421 1851,
934 4373 961 4422 p.
979 4368 1028 4406 102
1040 4372 1098 4422 sqq.
