3234 5109
749 321 830 410 [26

272 538 323 612 qui
344 536 483 611 Aeginae
503 536 669 603 colebatur,
692 536 777 610 apud
801 534 967 592 Pindarum
988 532 1089 610 (Nem.
1106 535 1173 605 Vll,
1199 533 1269 611 123)
1291 537 1369 594 Her·

187 723 191 734 Ι
273 640 348 697 culis
384 638 497 713 hospes
530 644 666 703 vocatur,
700 636 741 693 ad
775 652 867 709 quem
897 635 999 693 locum
1032 637 1198 694 scholiasta
1221 638 1367 695 adnotat:

272 734 458 814 ἀπέστρεφε
487 736 543 811 (sc.
564 737 726 807 Pindarus)
757 733 793 796 δὲ
816 733 874 796 τὸν
898 733 997 809 λόγον
1018 734 1101 812 πρὸς
1122 734 1180 797 τὸν
1202 732 1368 812 Ἡρακλέα,

271 837 317 914 ὡς
332 840 390 901 τοῦ
407 835 525 919 Αἰακοῦ
540 834 800 912 ὑποδεδεγμένου
816 834 868 897 καὶ
890 834 1071 912 ἑξενικότος
1095 836 1147 912 (cf.
1170 833 1264 898 schol.
1281 838 1368 898 Nem.

230 977 235 986 ι
270 942 324 1010 IV,
338 941 408 1016 36);
431 949 526 1016 atque
542 941 719 997 notissimus
741 948 788 996 est
810 941 949 997 eiusdem
967 940 1088 998 Pindari
1103 941 1188 997 locus
1210 941 1241 995 in
1264 929 1367 997 Isthm.

271 1043 314 1100 VI
337 1040 403 1118 (V),
428 1057 561 1116 50sqq.,
595 1059 685 1115 quern
719 1058 756 1097 ex
784 1041 916 1098 Hesiodi
937 1041 1032 1098 Eoeis
1065 1040 1190 1114 (Kinkel
1215 1040 1269 1115 frg.
1297 1035 1368 1114 165)

271 1152 424 1219 sumptum
448 1159 518 1200 esse
540 1142 634 1200 schol.
656 1143 697 1198 ad
720 1161 745 1201 v.
767 1157 805 1216 53
829 1142 973 1200 affirmat:
1011 1138 1076 1202 έκεί
1104 1138 1165 1217 γὰρ
1189 1137 1369 1216 εὑρίσκεται

271 1241 518 1319 ἐπιξενούμενος
548 1239 568 1303 ὁ
597 1237 755 1317 Ἡρακλῆς
786 1245 833 1323 τῷ
866 1239 1033 1318 Τελαμῶνι
1065 1241 1129 1303 κτλ.
1163 1245 1200 1303 cf.
1235 1242 1369 1301 Theocr.

270 1346 352 1414 arur,
374 1344 424 1419 38.
884 1323 889 1335 ’

371 1446 441 1504 Non
464 1447 558 1505 semel
581 1463 748 1521 eponymos
771 1464 920 1521 pagorum
949 1454 982 1503 et
1013 1447 1197 1521 oppidorum
1231 1445 1369 1518 hospites

264 1550 411 1607 ‘Herculis
444 1550 620 1623 reperimus,
653 1566 680 1608 e.
713 1566 742 1621 g.
775 1549 807 1604 in
836 1547 969 1604 Thracia
996 1546 1105 1621 Poltyn
1141 1541 1259 1624 (Steph.
1283 1545 1317 1603 B.
1342 1563 1368 1603 ν.
1425 1547 1427 1552 “

271 1646 471 1726 Μεσημβρία.
515 1649 658 1723 Apollod.
682 1648 719 1716 Π,
743 1662 771 1720 5,
794 1643 839 1725 ο),
874 1649 904 1704 in
931 1648 1065 1705 Arcadia
1088 1647 1217 1704 Pholum
1249 1644 1367 1721 (Steph.

269 1752 303 1811 B.
326 1771 352 1812 v.
376 1746 497 1825 Φολόη.
521 1749 560 1807 cf.
582 1749 727 1824 Apollod.
751 1749 789 1816 ΙΙ,
814 1764 843 1822 5,
857 1766 885 1821 4.
917 1748 1009 1808 Diod.
1026 1748 1079 1817 IV,
1108 1765 1152 1807 12.
1177 1747 1324 1823 Polyaen'
1344 1745 1367 1815 Ι,

272 1870 302 1927 3,
327 1853 366 1928 ι),
399 1855 430 1910 in
452 1853 598 1926 Argolide
620 1852 812 1909 Molorchurn
835 1851 953 1927 (Steph.
989 1852 1022 1909 B.
1056 1870 1081 1910 v.
1117 1845 1294 1923 Μολορχία.
1330 1847 1367 1904 ci.
1451 1833 1454 1842 ¹

271 1954 414 2030 Apollod.
437 1953 475 2029 ΙΙ,
499 1968 527 2026 5,
544 1970 555 2010 1
570 1950 605 2026 ¹),
629 1971 721 2028 quem
742 1953 934 2010 conditorem
950 1953 997 2008 vel
1019 1952 1145 2009 heroem
1167 1952 1281 2008 cultum
1300 1966 1369 2006 esse

273 2058 346 2112 inde
373 2056 545 2130 suspiceris,
577 2055 662 2129 quod
694 2055 794 2126 lucum
816 2053 965 2111 Molorchi
987 2053 1137 2127 Vergilius
1160 2048 1289 2127 (Georg.
1317 2051 1369 2119 ΙΙΙ,

275 2156 325 2232 19)
347 2164 505 2214 memoret.
558 2143 560 2148 ¹

372 2258 515 2333 Thespiis
551 2257 701 2315 Boeotiae
735 2256 887 2314 Hercules
920 2258 1004 2332 apud
1028 2255 1196 2330 Thespium
1229 2254 1369 2322 devertit,

272 2362 359 2423 cuius
381 2359 605 2434 quinquaginta
627 2358 703 2416 filias
725 2377 787 2415 una
808 2368 902 2416 nocte
931 2358 1125 2432 compressit;
1160 2355 1197 2415 cf.
1224 2356 1368 2430 Apollod.
1470 2431 1473 2436 Ι
1549 2381 1567 2422 .·
1591 2383 1602 2444 ιι·

272 2464 310 2532 Π,
326 2447 362 2535 η,
379 2478 412 2536 93
434 2460 528 2517 Diod.
545 2460 603 2518 Sic.
619 2459 672 2529 IV,
691 2475 739 2534 29.
770 2460 866 2517 Paulo
882 2461 969 2518 aliter
987 2459 1155 2515 Pausanias
1177 2467 1281 2515 narrat
1303 2453 1369 2530 (IX,

273 2579 322 2639 27,
346 2558 379 2638 5)
404 2580 494 2620 unam
517 2580 535 2619 e
557 2562 676 2619 filiabus
698 2580 761 2619 non
783 2581 853 2619 cum
871 2562 1013 2619 'Hercule
1046 2561 1261 2627 concubuisse,
1292 2578 1368 2633 qua·

269 2673 395 2741 propter
416 2664 543 2721 heroem
563 2665 689 2721 iussisse
712 2665 859 2738 virginem
888 2682 943 2738 per
973 2671 1071 2720 totam
1093 2664 1186 2718 vitam
1209 2662 1369 2736 innuptam

273 2767 330 2825 sibi
352 2766 547 2825 sacerdotem
570 2782 649 2823 esse.
693 2766 794 2840 Atque
816 2766 901 2822 idem
920 2764 1090 2822 Pausanias
1110 2763 1204 2820 refert
1227 2762 1369 2836 Thespiis

272 2885 341 2925 esse
364 2869 509 2943 templum
530 2866 681 2933 Herculis,
711 2867 742 2923 in
772 2883 834 2940 quo
854 2868 938 2939 virgo
962 2866 1135 2923 sacerdotio
1157 2864 1299 2939 praedita
1321 2864 1369 2920 sit.

374 2967 445 3026 Plus
481 2970 649 3026 edocemur
671 2968 695 3024 si
716 2967 850 3024 Atticam
874 2968 1031 3025 adeamus,
1082 2967 1116 3022 In
1140 2966 1267 3022 exordio
1290 2965 1371 3020 enim

271 3068 393 3144 Lysidis
407 3066 544 3126 Platonis
559 3068 604 3138 (2,
622 3064 661 3144 c.)
684 3066 852 3143 Ctesippus
868 3067 1007 3125 alludens
1024 3075 1127 3124 narrat
1140 3065 1370 3141 Hippothalem,

272 3180 428 3228 amantem
456 3168 587 3244 Lysidis
611 3178 729 3226 veteres
755 3187 803 3226 res
827 3178 858 3226 et
879 3171 1055 3227 notissimas
1078 3169 1119 3224 ad
1141 3184 1268 3242 puerum
1290 3167 1368 3222 cele-

272 3271 424 3328 brandum
457 3288 569 3329 canere
603 3271 686 3327 velut
715 3288 840 3328 avorum
870 3271 990 3328 divitias
1025 3270 1175 3336 victorias,
1208 3298 1241 3307 -—
1273 3261 1369 3341 ‘apog

272 3370 309 3432 δὲ
332 3367 479 3447 τούτοιςξ
503 3372 610 3447 inquit,
643 3367 705 3431 “έτι
726 3368 853 3432 τούτων
881 3368 1105 3446 κρονικώτερα.
1134 3367 1192 3429 τὸν
1221 3366 1282 3443 γὰρ
1311 3367 1369 3427 τοῦ
1466 3441 1468 3444 .
1547 3371 1552 3382 '

272 3467 469 3548 Ἡρακλέους
496 3470 648 3547 ξενισμὸν
669 3471 783 3552 πρῴην
805 3469 878 3546 ἡμῖν
902 3470 937 3533 ἐν
959 3468 1110 3547 ποιήματί
1130 3488 1190 3531 τινι
1213 3469 1302 3549 διῄει,
1324 3465 1371 3543 ὡς

272 3572 324 3635 διὰ
340 3573 398 3649 τὴν
411 3575 470 3635 roi·
486 3570 681 3649 Ἡρακλέους
697 3570 884 3646 ξυγγένειαν
899 3570 918 3633 δ
940 3570 1104 3649 πρόγονος
1127 3568 1235 3632 αὐτῶν
1255 3567 1371 3631 ὑποδέ-

375 3757 400 3822 1)
418 3757 494 3806 Idem
517 3757 624 3806 schema
641 3755 784 3821 mythicum
803 3754 909 3804 Theseo
929 3754 1051 3803 Hecalen
1068 3755 1130 3820 pagi
1144 3753 1290 3817 vheroinam
1309 3752 1371 3801 visi·

272 3844 339 3894 tanti
357 3845 510 3910 adaptatum
530 3851 577 3896 est.
598 3845 670 3894 Huic
689 3845 801 3895 feminae
820 3844 954 3892 Theseum
974 3858 1055 3902 sacra,
1074 3841 1205 3906 “ἀμοιβὰς
1224 3845 1274 3906 τῆς
1292 3843 1371 3906 φιλο·

272 3931 374 3995 ’ierint'
400 3933 548 3982 instituisse
566 3933 746 3983 Philochorus
773 3933 867 3990 tradit;
897 3933 930 3982 cs.
949 3932 1019 3983 Plut.
1041 3931 1121 3981 Thes.
1144 3944 1189 3994 14:
1214 3932 1298 3982 ἔθυον
1317 3928 1371 3995 γὰρ

272 4019 434 4085 Ἑκαλήσιον
453 4020 481 4073 οἱ
499 4022 576 4087 πέριξ
596 4021 679 4085 δῆμοι
698 4022 842 4083 συνιόντες
863 4019 966 4087 Ἑκάλῳ
989 4019 1037 4072 Διί
1055 4021 1100 4071 καί
1117 4020 1170 4084 τὴν
1183 4018 1299 4083 Ἑκάλην
1318 4018 1371 4070 έτί-
1407 4007 1410 4008 ’

273 4124 334 4172 μων
351 4108 494 4175 Ἑκαλίνην
511 4110 744 4175 ὑποκοριζόμενοι
764 4108 808 4161 διὰ
828 4109 861 4161 τὸ
881 4108 1013 4174 κάκείνην
1032 4108 1098 4160 νέον
1117 4109 1187 4160 ὄντα
1206 4109 1306 4175 κομιδῇ
1319 4107 1370 4158 τὸν

272 4196 367 4264 Θησέα
386 4196 548 4251 ξενίζουσαν
561 4197 742 4250 ἀσπάσασθαι
755 4200 947 4263 πρεσβυτικῶς
960 4200 1017 4249 κτλ.
1038 4197 1166 4259 Adiunge
1179 4196 1371 4246 Callimachum

273 4286 315 4358 (fr.
328 4290 374 4355 41)
393 4288 463 4354 apud
482 4288 568 4339 schol.
586 4289 634 4340 Ar.
653 4288 723 4339 Ach.
747 4299 804 4352 127.
