3234 5109
793 403 828 469 5⁶

268 581 384 638 alterae
411 597 494 638 nunc
513 578 601 638 nullis
623 579 806 655 imaginibus
842 580 1007 637 distinctae
1037 588 1120 647 sunt,
1154 579 1228 637 olim
1259 589 1366 638 autem

267 680 352 739 baud
377 681 470 738 dubie
492 682 618 756 picturis
640 691 768 738 ornatae
791 689 887 740 erant.

367 780 462 853 Quod
490 784 600 840 attinet
628 784 670 840 ad
699 791 845 851 aetatem,
879 799 940 855 qua
969 781 1150 857 anaglypha,
1183 783 1224 839 de
1255 782 1366 857 quibus

268 885 396 960 agimus,
420 882 501 941 facta
523 884 593 953 sint,
614 883 647 941 M
664 892 748 940 certo
764 883 906 940 Romano
927 883 1033 940 artifici
1055 883 1284 940 attribuendum
1306 892 1364 952 est,

269 995 378 1044 contra
397 984 508 1043 CDE
532 985 765 1060 fragmentaque
794 983 1006 1042 Berolinensia
1039 985 1141 1059 potius
1173 984 1366 1046 inferioribus

269 1088 342 1144 artis
365 1085 506 1144 Graecae
528 1086 715 1160 temporibus
738 1094 816 1146 orta¹
829 1101 897 1142 esse
920 1102 1044 1143 censeo

366 1186 462 1245 Porro
478 1188 688 1263 quaerendum
704 1196 761 1260 est,
777 1187 853 1262 quid
875 1187 931 1244 sibi
947 1187 1019 1243 velit
1042 1196 1255 1262 argumentum
1276 1186 1365 1245 huius

268 1289 511 1365 anaglyphorum
547 1289 662 1357 classiS,
686 1297 750 1356 aut,
773 1289 797 1345 si
820 1289 925 1357 mavis,
950 1289 1025 1362 quid
1045 1289 1077 1344 in
1097 1296 1201 1345 mente
1222 1288 1365 1346 habuerit

271 1391 390 1460 artifex,
414 1391 465 1467 qui
479 1390 560 1448 hanc
574 1408 687 1448 novam
709 1390 1001 1465 repraesentationis
1024 1389 1152 1447 formam
1174 1391 1365 1464 condiderit3

268 1509 340 1549 nam
367 1500 464 1549 totam
492 1492 623 1549 classem
651 1491 690 1548 ab
714 1508 774 1548 uno
802 1491 942 1566 exemplo
964 1491 1103 1565 pendere
1124 1507 1187 1547 non
1210 1499 1257 1547 est
1279 1493 1366 1566 quod

270 1594 490 1652 demonstrem.
528 1592 641 1650 Denuo
662 1593 754 1667 igitur
776 1601 976 1651 contueamur
990 1593 1228 1668 anaglyphorum
1247 1610 1369 1668 reprae·
1407 1611 1411 1616 ’

271 1696 486 1753 sentationem.
531 1694 613 1751 Tota
635 1694 737 1769 imago
760 1694 855 1770 longo
876 1712 963 1751 muro
985 1695 1016 1750 in
1038 1695 1117 1750 duas
1138 1702 1241 1768 partes
1267 1694 1366 1752 divisa

270 1805 332 1853 est:
369 1804 440 1872 post
454 1813 574 1853 murum
588 1797 733 1870 templum
755 1797 951 1870 conspicitur,
974 1804 1046 1852 ante
1068 1812 1186 1851 murum
1209 1796 1275 1852 velo
1298 1812 1364 1852 sus·

269 1913 368 1975 penso
397 1898 542 1954 conclave
572 1897 733 1955 indicatur.
776 1896 852 1955 Dies
878 1896 973 1954 festus
996 1897 1104 1972 agitur.
1147 1896 1271 1955 Etenim
1294 1898 1368 1955 dum

271 1999 343 2056 foris
372 1999 520 2073 templum
547 1998 636 2055 sertis
661 1998 828 2067 redimitur,
865 1998 949 2055 domi
971 1996 1063 2054 herus
1085 2015 1154 2054 cum
1174 1999 1335 2055 meretrice
1343 1993 1367 2074 ¹)

270 2100 301 2159 in
333 2099 413 2156 lecto
445 2100 562 2157 cubans
584 2099 675 2175 epulo
695 2116 732 2157 ac
752 2100 879 2175 potione
902 2099 1083 2156 delectatur.
1130 2099 1268 2155 Aecum
1291 2099 1369 2157 Bac·

270 2201 362 2259 chum
378 2201 538 2257 videamus
553 2201 771 2268 introeuntem,
792 2199 989 2257 manifestum
1011 2207 1068 2268 est,
1091 2200 1184 2256 deum
1205 2217 1224 2256 a
1242 2200 1304 2256 viro
1328 2202 1369 2258 ad

271 2304 393 2378 epulum
415 2300 574 2360 invitatum
594 2318 674 2369 esse,
709 2302 791 2358 unde
814 2301 951 2375 sequitur
973 2299 1095 2368 festum,
1123 2301 1207 2375 quod
1231 2301 1366 2358 celebra·

271 2412 329 2473 tur,
353 2404 433 2460 inter
452 2402 542 2460 xenia
564 2404 787 2459 numerandum
809 2419 889 2459 esse.

371 2504 434 2562 Sed
457 2505 523 2579 quis
547 2513 595 2560 est
615 2504 665 2561 ille
688 2504 731 2560 vir
753 2504 804 2578 qui
826 2501 982 2560 Bacchum
1004 2499 1137 2577 excipit?
1170 2502 1220 2560 De
1242 2513 1364 2563 mortuo

272 2614 454 2665 consecrato
488 2606 615 2679 cogitari
647 2606 767 2679 nequit3
803 2622 875 2661 nam
908 2605 1053 2678 quoniam
1084 2622 1140 2660 eae
1174 2605 1299 2662 tabulae
1327 2607 1370 2664 ad

272 2725 361 2765 usum
393 2706 555 2784 profanum
586 2706 796 2781 pertinuerint,
839 2714 1052 2779 argumentum
1084 2723 1208 2780 quoque
1240 2708 1366 2780 pristina

273 2808 437 2884 sanctitate
468 2815 572 2865 careat
600 2824 729 2863 necesse
756 2814 813 2865 est.
868 2804 964 2863 Vivus
991 2806 1082 2881 igitur
1108 2807 1200 2864 homo
1221 2808 1368 2864 artificem

273 2910 429 2986 quendam
440 2909 528 2966 iussit
539 2910 580 2965 ad
593 2907 766 2982 exemplum
779 2907 884 2964 talium
897 2908 1068 2965 tabularum
1075 2908 1255 2975 votivarum,
1267 2910 1369 2983 qualia

273 3014 337 3070 duo
354 3011 522 3086 specimina
539 3008 578 3085 (A
601 3019 633 3066 et
654 3003 693 3086 B)
716 3016 838 3067 servata
853 3017 933 3078 sunt,
955 3009 1161 3084 anaglyphum
1176 3010 1367 3084 exsculpere,

273 3133 335 3191 quo
358 3114 503 3171 conclave
529 3129 617 3169 suum
640 3120 812 3169 exornaret.
850 3112 952 3185 Atque
975 3111 1062 3167 aliter
1082 3109 1146 3167 fieri
1168 3128 1231 3167 non
1252 3120 1368 3190 potest,

273 3215 346 3291 quin
360 3214 409 3272 ille
429 3214 473 3270 vir
487 3213 643 3271 Bacchum
659 3212 755 3271 xeniis
779 3213 878 3269 colere
902 3213 1104 3271 consueverit.
1141 3213 1371 3287 Adstipulemur

272 3318 365 3391 igitur
386 3314 533 3373 Frbhneri
563 3315 735 3371 sententiae
763 3315 858 3369 virum
879 3321 912 3369 et
934 3312 1078 3369 feminam
1099 3330 1167 3370 esse
1190 3315 1369 3372 sacerdotes

274 3413 407 3475 Bacchi?
443 3417 570 3474 Minime
590 3434 672 3474 vero.
718 3395 820 3485 Quam
841 3415 972 3472 maxime
995 3413 1177 3471 abhorrete
1199 3418 1370 3473 sacerdotis

274 3521 424 3594 dignitate
450 3519 500 3576 hic
522 3518 623 3587 homo,
652 3519 703 3593 qui
732 3516 844 3574 festum
873 3517 924 3573 dei
949 3517 1049 3573 minus
1081 3517 1258 3574 solemniter
1278 3536 1370 3592 quam

273 3621 426 3678 luxuriose
453 3620 677 3693 libidinoseque
707 3627 830 3676 acturus
858 3599 913 3677 est,
956 3615 1029 3673 Veri
1056 3625 1159 3674 autem
1188 3619 1371 3677 simillimum

274 3731 323 3779 est
354 3739 424 3778 eum
452 3720 630 3779 histrionem
657 3709 760 3788 fuisse,
789 3737 890 3794 neque
921 3719 1001 3775 enim
1023 3719 1090 3775 sine
1113 3719 1240 3776 consilio
1263 3720 1369 3777 artifex

275 3822 442 3880 scabellum
474 3822 549 3878 illud
572 3829 718 3895 quattuor
736 3820 875 3895 personis
899 3819 1164 3894 voluminibusque
1187 3819 1369 3878 instructum

273 3940 370 3998 prope
394 3923 506 3980 lectum
528 3922 705 3997 exsculpsit,
730 3931 762 3978 et
783 3921 945 3978 histriones
968 3903 1112 3995 imprimis
1137 3920 1293 3977 Bacchum
1315 3937 1368 3977 co·

274 4023 368 4081 luisse
390 4023 463 4080 satis
486 4032 594 4080 notum
616 4033 673 4082 est.

377 4186 401 4252 1)
420 4188 551 4251 Quoniam
569 4188 667 4238 femina
685 4189 713 4237 in
731 4189 803 4238 lecto
832 4187 1009 4245 accumbit,
1038 4187 1070 4236 de
1090 4201 1171 4236 uxore
1201 4201 1255 4236 nou
1282 4191 1372 4251 potest

275 4274 394 4337 cogitari.

723 4393 921 4401 Μ
