3234 5109
793 348 808 399 3

256 512 370 586 gratias
391 510 538 569 referrent
561 512 624 569 sive
646 518 680 568 ut
707 519 778 568 vota
807 511 961 574 solverent
990 511 1053 568 sive
1086 512 1145 570 alia
1176 513 1281 587 quavis
1313 514 1353 569 de

255 630 357 673 causa.
394 613 471 670 Inde
487 620 555 670 orta
571 620 643 670 sunt
663 612 743 670 festa
764 612 886 687 publica
909 621 942 669 et
961 614 1167 672 anniversaria
1182 610 1283 674 Ξένια
1304 614 1352 671 vel

165 715 175 728 ‘
256 711 409 776 Θεοξένια
432 713 596 788 appellata.
651 712 721 771 Mos
750 722 815 770 erat
845 714 877 771 in
898 713 944 771 his
968 714 1052 774 festis
1075 714 1248 772 hominibus
1272 716 1351 771 bene
1394 759 1397 783 ,,

254 817 369 874 meritis
392 825 491 874 certas
521 824 623 890 partes
655 833 761 873 sacrae
791 817 880 890 dapis
908 817 1064 886 addicere,
1098 835 1135 874 ac
1156 826 1243 875 tanta
1265 825 1353 875 erant

254 917 464 993 hospitalitate
479 913 661 974 Theoxehia
676 916 897 991 Spartanorum
919 927 951 974 et
973 916 1129 986 Pariorum
1152 926 1184 975 ut
1206 918 1349 975 universo

254 1019 368 1095 populo
393 1018 503 1095 epulae
524 1019 756 1076 instituerentur
769 1013 804 1094 ¹).

357 1118 400 1177 Ut
422 1119 546 1177 omnino
569 1120 666 1194 qualis
699 1119 789 1177 fuerit
819 1119 918 1176 cultus
951 1120 1140 1177 domesticus
1164 1119 1354 1177 Graecorum

255 1239 364 1296 parum
397 1228 529 1289 constat,
565 1221 608 1277 ita
639 1220 729 1277 xenia
761 1221 902 1295 privatim
930 1238 1057 1296 quoque
1086 1222 1255 1279 sacrificata
1284 1239 1353 1279 esse

253 1322 360 1397 paucis
382 1321 564 1390 testimoniis
588 1321 770 1391 affirmatur;
806 1339 823 1377 e
846 1322 967 1396 quibus
1003 1323 1075 1396 quia
1098 1330 1202 1380 cetera
1223 1322 1301 1379 infra
1322 1323 1354 1380 in

255 1422 446 1497 disputando
469 1430 641 1490 occurrent,
663 1440 757 1480 unum
776 1439 860 1479 nunc
875 1422 982 1479 afferre
1004 1422 1086 1481 libet.
1117 1422 1153 1479 Iu
1175 1421 1249 1478 Ione
1272 1421 1353 1479 enim
1393 1474 1412 1498 κ

258 1523 412 1597 Euripidis
443 1518 483 1597 (v.
506 1519 566 1596 803
591 1524 626 1581 cl.
649 1542 675 1583 v.
703 1521 795 1598 1130)
828 1524 959 1594 Xuthus,
990 1525 1075 1598 quod
1103 1523 1196 1581 filium
1228 1540 1355 1598 recupe-

258 1640 341 1680 rasse
374 1624 531 1699 opinatur,
572 1619 675 1686 “ξένια
711 1620 764 1685 καὶ
795 1619 957 1696 γενέθλια
1001 1624 1150 1682 sacrificat
1194 1618 1355 1697 ῑγενέταις

256 1718 444 1799 erotow'2).
475 1724 667 1800 Aliquotiens
687 1726 777 1782 xenia
799 1724 927 1782 heroum
950 1727 1140 1799 deorumque
1162 1724 1356 1781 inveniuntur

259 1824 423 1882 coniuncta
445 1842 515 1883 cum
537 1824 622 1883 festis
645 1843 682 1883 ac
705 1826 798 1883 sacris
821 1825 949 1883 aliorum
974 1826 1140 1885 numinum.
1186 1825 1223 1884 E.
1245 1843 1274 1900 g.
1299 1825 1354 1881 Ar-

259 1925 329 2003 givi,
350 1909 494 2000 ¹quotiens
517 1924 664 1984 sacrificia
685 1925 849 1995 faciebant,
870 1926 1044 2001 Apollinem
1066 1934 1098 1983 et
1119 1923 1290 1982 Homerum
1309 1925 1354 1981 in·

258 2024 408 2094 vitabant3
429 2025 497 2083 Ael.
516 2043 542 2084 v.
559 2026 589 2085 h.
610 2025 663 2095 IX,
688 2039 739 2098 15:
771 2021 906 2101 Ἀργεῖοι
926 2057 965 2065 -
982 2057 1023 2065 -
1045 2025 1216 2100 ποιοῦντες
1239 2021 1355 2085 θυσίαν

256 2122 308 2187 ἐπὶ
329 2122 417 2188 ξένια
440 2122 542 2206 (ξενίᾳ
565 2122 670 2204 codd.)
693 2122 832 2188 ἐκάλουν
853 2124 912 2187 τὸν
927 2121 1117 2188 Ἀπόλλωνα
1132 2123 1184 2186 καὶ
1198 2121 1353 2201 Ὅμηρον.

256 2225 389 2297 Phliasii,
425 2245 495 2285 cum
526 2229 685 2303 quoddam
713 2227 832 2287 Cereris
861 2228 972 2285 festum
1000 2228 1207 2296 celebrabant,
1241 2228 1354 2284 eodem

207 2317 208 2320 ¹
255 2329 350 2385 modo
384 2328 492 2387 Aranti
525 2330 653 2404 eiusque
686 2330 799 2392 liberis,
822 2328 992 2387 sacrificare
1020 2328 1160 2387 solebant
1190 2327 1294 2403 (Paus.
1314 2328 1353 2397 II,

261 2446 307 2500 12,
331 2426 363 2504 5)
392 2429 414 2505 λ
446 2427 652 2488 Athenienses
674 2431 811 2507 denique
834 2430 1039 2489 Harmodium
1059 2439 1092 2487 et
1104 2430 1354 2504 Aristogitonem,

256 2550 325 2589 cum
347 2549 435 2590 sacra
462 2531 626 2602 faciebant,
661 2528 830 2608 κρατήρων
857 2527 1036 2606 κοινωνούς
1065 2531 1223 2588 habebant
1249 2526 1354 2603 (Dem.

256 2632 340 2700 XIX,
366 2626 449 2711 280).

356 2732 555 2792 Notissimum
577 2743 682 2793 autem
702 2742 750 2793 est
770 2735 883 2793 festum
898 2734 1082 2809 Delphicum
1097 2729 1197 2795 Ξένια
1219 2733 1354 2809 appella·

261 2842 336 2892 tum.
388 2832 437 2891 De
470 2852 532 2909 quo
567 2834 604 2894 cf.
634 2834 757 2893 Pindari
789 2835 987 2894 scholiastam
1022 2836 1063 2893 ad
1085 2832 1271 2910 Nem.,V11,
1298 2832 1354 2891 68:

257 2931 377 3007 γίνεται
409 2931 445 2996 ἑν
472 2932 619 3011 Δελφοῖς
647 2932 751 3012 ἥρωσι
772 2932 881 3012 Ξένια,
912 2933 947 2997 ἐν
975 2931 1023 3012 οἷς
1054 2936 1142 2997 δοκεῖ
1164 2931 1182 2996 ὁ
1206 2932 1281 3009 θεὸς
1303 2931 1355 2996 ἐπὶ

257 3032 345 3097 ξένια
371 3034 480 3097 καλεῖν
502 3033 580 3111 τοὺς
601 3032 720 3113 ἥρωας.
776 3037 836 3096 Hic
858 3039 949 3113 igitur
969 3039 1047 3095 deus
1070 3038 1187 3106 invitat,
1215 3054 1278 3093 non
1299 3036 1355 3093 ho-

256 3137 363 3194 mines.
419 3135 482 3194 Sed
504 3139 637 3194 eandem
659 3141 942 3207 commutationem,
978 3156 1057 3214 quae
1080 3139 1110 3195 in
1133 3138 1178 3195 his
1202 3136 1287 3195 festis
1310 3136 1355 3194 fa·

258 3237 366 3296 cillime
399 3238 468 3295 oriri
494 3240 605 3313 potuit,
638 3238 715 3297 infra
744 3240 915 3297 identidem
944 3241 1143 3297 inveniemus,
1187 3236 1258 3296 Non
1279 3238 1355 3295 mul-

257 3348 321 3398 tum
343 3340 444 3399 differt
464 3341 539 3399 illud
561 3340 682 3412 festum,
707 3342 792 3417 quod
805 3341 1004 3399 Plataeenses
1027 3341 1081 3409 eis,
1104 3340 1156 3415 qui
1177 3358 1232 3417 pro
1254 3341 1354 3416 patria

359 3650 383 3717 ι)
401 3652 523 3701 Eundem
540 3651 731 3717 hospitalitatis
750 3652 870 3702 habiturn
887 3652 968 3701 etiam
984 3649 1148 3700 lectisternia
1158 3651 1281 3699 Romana
1293 3665 1355 3715 prae

258 3757 286 3791 se
305 3741 405 3800 ferunt;
424 3742 457 3793 cf.
477 3741 535 3792 Liv.
552 3741 585 3797 V.
608 3752 649 3805 13,
670 3752 699 3805 5:
717 3740 785 3790 ‘tota
803 3741 868 3790 urbe
887 3740 1040 3806 patentibus
1061 3739 1147 3787 ianuis
1166 3739 1354 3804 promiscoque

257 3843 306 3879 usu
326 3844 412 3879 rerum
431 3828 549 3879 omnium
566 3829 595 3879 in
611 3828 753 3895 propatulo
779 3828 869 3894 posito
896 3835 976 3878 notos
1005 3828 1166 3891 ignotosque
1188 3827 1288 3892 passim
1312 3826 1355 3875 ad·

257 3932 337 3968 venas
357 3917 385 3968 in
402 3916 547 3982 hospitium
565 3917 660 3967 ductos
678 3917 766 3966 lerunt
785 3922 811 3966 et
830 3931 889 3965 cum
912 3915 1027 3965 inimicis
1055 3929 1162 3979 quoque
1190 3914 1305 3977 benigne
1324 3929 1355 3963 ac

258 4005 368 4056 comiter
387 4020 522 4055 sermones
541 4003 669 4055 habitos’.

358 4091 385 4159 2)
403 4096 498 4145 Utrum
516 4093 544 4143 hi
563 4091 674 4157 γενέται
693 4092 753 4146 Θεοί
772 4093 817 4143 dei
834 4093 914 4159 patrii
927 4098 971 4142 aut
983 4092 1165 4157 Tritopatores
1182 4091 1288 4149 suerint,
1307 4105 1354 4155 pro

60 4173 65 4200 '¹
169 4189 178 4196 ‘
258 4191 330 4234 certo
351 4181 496 4233 diiudicare
514 4198 569 4232 nou
587 4182 705 4234 audeam.
1049 4184 1052 4188 “

358 4270 386 4336 3)
405 4271 448 4320 De
466 4270 583 4337 Cypselo
605 4269 764 4320 Heraclidas
783 4268 829 4322 ἐπὶ
847 4267 923 4321 ξένια
940 4268 1069 4319 invitante
1088 4267 1120 4317 ct.
1141 4266 1271 4331 Polyaeu.
1288 4265 1310 4323 Ι,
1330 4275 1353 4328 7.

20 4751 781 5051 Lm
