3234 5109
887 391 917 443 14

447 556 654 615 subsistamus
676 557 802 630 paulum
824 556 856 612 in
877 555 937 613 hoc
960 554 1084 613 Pindari
1107 556 1249 614 carmine.
1287 555 1446 615 Theaeum

348 659 502 736 Argivum,
526 675 617 733 quem
640 663 735 732 poeta
757 658 904 724 celebrat,
928 657 968 713 ob
991 674 1060 715 eam
1083 675 1208 715 causam
1230 658 1346 715 totiens
1368 657 1447 715 ludis
1545 685 1546 692 .

349 760 459 818 vicisse
480 759 607 824 indicat,
631 759 717 832 quod
739 759 863 833 cognati
884 758 988 815 matris
1010 758 1155 833 imprimis
1172 757 1295 817 Gratias
1312 767 1343 816 et
1359 758 1449 816 Dios-

351 878 439 918 curos
465 861 613 917 coluerint
635 854 677 936 (v.
694 874 733 933 70
746 854 807 936 sq.)
822 855 857 935 ¹).
889 859 992 917 Vnum
1008 878 1046 916 ex
1062 860 1120 918 hac
1135 869 1230 936 gente
1246 862 1342 918 fuisse
1362 859 1449 919 Pam-

348 961 461 1037 phaen,
485 963 525 1019 de
547 978 608 1036 quo
631 962 702 1016 vide
725 961 819 1017 verba
840 961 1093 1036 praeclarissima,
1117 979 1143 1021 v.
1169 978 1291 1037 o1sq.:

285 1043 288 1050 ¹
433 1058 600 1137 Κάστορος
623 1056 650 1122 δ’
674 1057 830 1135 ἐλθόντος
852 1058 904 1122 ἐπὶ
925 1059 1032 1123 ξενίαν
1054 1080 1119 1138 παρ
1140 1059 1286 1139 Παμφάη

433 1160 484 1224 καὶ
506 1160 701 1237 κασιγνήτου
723 1159 951 1237 Πολυδεύκεος
974 1162 1038 1223 κτλ.

348 1266 459 1324 Nonne
481 1267 555 1322 inde
578 1266 825 1322 concludendum
848 1273 895 1321 est
917 1265 998 1323 hanc
1028 1264 1163 1322 fabulam
1194 1266 1236 1322 illi
1268 1267 1356 1341 genti
1378 1284 1453 1341 pro·

350 1368 447 1442 priam
470 1366 564 1423 fuisse
587 1375 681 1440 atque
697 1365 917 1423 Dioscurorum
934 1368 1047 1424 cultum
1069 1366 1107 1423 ab
1129 1367 1181 1423 illo
1201 1366 1336 1441 hospitio
1360 1369 1453 1441 origi·

348 1486 420 1525 nem
444 1467 563 1524 trahere
586 1467 683 1524 visum
705 1465 795 1524 esse?
844 1468 912 1541 Ego
935 1468 1060 1541 quidem
1083 1484 1146 1523 non
1168 1468 1287 1536 dubito,
1322 1469 1397 1543 quin
1419 1469 1451 1525 in

349 1569 407 1625 hac
427 1577 529 1644 gente,
553 1568 638 1625 haud
658 1586 746 1627 secus
763 1587 856 1644 quam
873 1571 957 1645 apud
972 1569 1180 1638 Emmenidas,
1203 1569 1294 1626 xenia
1316 1568 1452 1626 Dioscu-

349 1687 451 1727 rorum
474 1669 638 1728 floruerint.
678 1649 683 1655 ⁴

447 1770 542 1827 Tales
574 1771 696 1828 fabulae
730 1780 834 1829 autem
868 1773 990 1849 saepius
1025 1782 1197 1833 occurrunt.
1250 1773 1336 1846 Quid
1369 1771 1451 1828 enim

348 1881 451 1928 narrat
483 1872 662 1929 Herodotus
696 1867 762 1948 (VI,
790 1868 862 1949 127)
901 1876 941 1930 de
975 1874 1172 1950 Euphorione
1207 1868 1367 1933 Arcadio?
1409 1903 1452 1912 —

350 1967 565 2047 Εὐφορίωνος
583 1973 641 2034 τού
658 1970 835 2048 δεξαμένου
851 1990 895 2049 τε,
917 1970 963 2048 ὡς
977 1971 1076 2049 λόγος
1093 1972 1128 2036 ἐν
1146 1971 1291 2054 Ἀρκαδίῃ
1313 1971 1450 2046 λέγεται,

349 2070 427 2147 τοὺς
449 2069 678 2148 Διοσκούρους
702 2069 829 2136 οἰκίοισι
852 2072 903 2135 καὶ
936 2071 1001 2135 ἀπὸ
1032 2072 1152 2136 τούτου
1185 2072 1450 2146 ξεινοδοκέοντος

350 2170 476 2247 πάντας
499 2169 702 2250 ἀνθρώπους.
758 2177 804 2234 Ex
828 2176 874 2233 his
897 2178 995 2234 verbis
1016 2186 1123 2234 nostro
1146 2179 1221 2246 iure,
1251 2185 1285 2244 ut
1308 2174 1449 2242 arbitror,

344 2275 529 2350 colligemus
564 2275 791 2350 Euphorionem
825 2278 856 2335 in
887 2279 1004 2353 oppido
1027 2277 1111 2335 Paeo
1148 2274 1201 2355 (cf.
1225 2277 1341 2335 Herod.
1366 2276 1383 2335 l.
1410 2269 1451 2351 c.)

349 2376 505 2451 publicum
537 2373 696 2451 πρόξενον
731 2377 825 2435 fuisse
857 2397 991 2453 eumque
1022 2379 1193 2436 Dioscuros
1225 2380 1303 2435 deos
1332 2371 1451 2452 patrios

350 2476 494 2534 habuisse
507 2472 542 2553 2).
580 2478 626 2534 Ac
641 2479 751 2535 dixerit
774 2480 841 2553 quis
864 2498 926 2536 non
948 2482 1014 2537 sine
1036 2482 1098 2537 veri
1122 2481 1226 2556 specie
1247 2479 1295 2536 vel
1317 2480 1450 2535 maxime

350 2595 555 2651 proxenorum
587 2587 696 2653 gentes
730 2582 821 2637 xenia
843 2579 1064 2638 Dioscurorum
1091 2599 1146 2656 pro
1170 2573 1449 2655 sacris'genulieiis

351 2674 544 2753 habuisset).
1401 2741 1404 2745 ,

450 2779 629 2855 Pamphaen
651 2781 882 2857 Euphorionem
903 2784 1011 2839 tertius
1034 2783 1171 2857 sequitur
1194 2781 1337 2839 Phormio
1361 2781 1453 2856 Spar·

351 2880 443 2937 tiates
466 2876 640 2956 (Paus.IlI‚
669 2882 715 2951 ro,
732 2878 775 2958 3).
830 2882 972 2940 Dioscuri
1005 2884 1087 2940 enim
1122 2885 1164 2941 ad
1197 2901 1268 2939 eum
1293 2891 1453 2956 tamquam

352 2979 479 3054 Cyrenis
502 2984 625 3039 advecti
647 2993 797 3040 venerunt
820 2993 852 3041 et
874 2994 1039 3059 postquam
1062 2986 1203 3042 abierunt
1217 2979 1451 3058 <Διοσκούρων

352 3076 521 3156 ἀγάλματα
545 3080 580 3144 ἐν
602 3086 648 3164 τῷ
672 3080 818 3158 οἰκήματι
841 3081 956 3159 εὑρέθη
978 3082 1029 3145 καὶ
1043 3082 1186 3161 τράπεζά
1201 3103 1235 3146 τε
1252 3081 1303 3145 καὶ
1318 3081 1450 3157 σίλφιον

351 3177 400 3241 ἐπ’
424 3177 533 3262 othris,
557 3185 667 3258 quihus
690 3186 788 3242 verbis
812 3187 1032 3243 lectisternium
1047 3187 1129 3244 clare
1146 3186 1336 3242 describitur.
1367 3182 1450 3258 Con-

354 3282 484 3341 ferenda
499 3294 579 3353 sunt,
606 3303 686 3359 quae
706 3304 743 3341 ex
760 3285 966 3361 Theopompo
989 3288 1120 3344 adnotat
1140 3286 1224 3345 Suid.
1243 3304 1269 3343 v.
1289 3279 1449 3357 Φορμίων.

353 3382 415 3440 Sed
436 3383 486 3441 hic
509 3383 652 3442 Phormio
675 3385 871 3444 Crotoniates
895 3388 1006 3444 dicitur
1028 3387 1122 3443 fuisse
1144 3404 1247 3461 neque
1269 3386 1295 3443 is
1317 3384 1451 3441 Dioscu-

352 3500 401 3539 ros
425 3487 540 3559 recepit
563 3487 620 3542 sed
643 3487 707 3559 ipse
731 3487 769 3542 ab
793 3487 889 3544 altero
908 3486 1060 3543 Dioscuro
1077 3486 1206 3561 Spartae
1228 3494 1370 3560 receptus
1394 3495 1451 3544 est.

353 3565 449 3640 Vides
472 3603 564 3660 quam
584 3585 706 3643 difficile
721 3587 768 3656 sit,
793 3589 976 3656 discernere,
999 3589 1157 3661 quomodo
1178 3587 1237 3644 hae
1260 3588 1343 3644 duae
1366 3586 1452 3645 sabu-

455 3764 480 3833 1)
499 3769 640 3834 Templum
657 3770 850 3819 Dioscurorum
875 3778 902 3820 et
920 3772 1069 3821 Gratiarum
1091 3772 1295 3820 Lacedaemone
1321 3776 1388 3836 erat3
1418 3769 1451 3818 cs.

353 3853 433 3905 Paus.
451 3856 502 3915 ΙΙΙ,
529 3869 568 3920 14,
588 3858 613 3909 ό.

451 3942 479 4008 2)
498 3945 664 4009 Tyndaridas
683 3946 811 4012 imprimis
835 3948 919 3996 fuisse
943 3948 1009 3997 deos
1035 3947 1192 4013 hospitales,
1221 3947 1267 4013 qui
1287 3962 1371 4012 pagos
1395 3960 1451 4009 per·

353 4028 495 4077 lustrarent
514 4032 703 4100 visitarentque
723 4035 854 4094 homines,
881 4036 944 4085 satis
969 4043 1060 4084 notum
1084 4043 1136 4095 est;
1166 4035 1280 4099 ἐμπόλω
1303 4033 1452 4098 Διοσκόρω

352 4117 493 4183 Aristoph.
513 4120 545 4171 fr,
566 4132 631 4184 2955
652 4123 684 4172 cs.
704 4124 853 4174 Prellerum
869 4140 917 4187 gr.
937 4125 1047 4189 mythol.
1067 4126 1104 4180 ΙΙ.
1123 4140 1148 4190 p.
1166 4137 1223 4187 104.

453 4205 480 4271 3)
499 4208 563 4258 Non
582 4209 690 4259 fortuito
710 4212 815 4271 accidit,
841 4219 870 4260 ut
887 4213 982 4261 Pheris
1009 4212 1190 4262 deversorium
1216 4212 1353 4277 publicum
1372 4208 1451 4277 (παν-

353 4294 475 4361 δοκεῖον)
493 4294 566 4344 iuxta
584 4298 710 4361 templum
730 4301 922 4349 Dioscurorum
942 4308 1025 4366 esset;
1044 4303 1121 4351 Dem.
1142 4302 1224 4359 XIX,
1248 4300 1306 4363 158.
