3234 5109
792 323 838 443 ,52

373 552 541 625 Quomodo
558 553 661 629 imago
685 554 846 629 anaglyphi
868 553 965 611 nostri
989 525 1056 610 orta
1079 553 1127 622 sit,
1151 553 1183 611 in
1204 552 1369 628 propatulo

272 663 328 713 est.
382 654 498 712 Dextra
521 657 602 712 enim
624 673 694 731 pars
717 665 779 712 tam
802 664 946 712 accurate
969 656 1010 713 ad
1032 655 1205 729 exemplum
1226 653 1369 712 necrodi-

176 809 178 814 .
271 773 379 830 porum
412 757 584 830 composita
615 764 672 824 est,
708 765 742 813 ut
774 757 903 813 dubium
932 773 1001 812 esse
1035 756 1150 830 nequit,
1184 756 1257 830 quin
1289 755 1370 813 hanc

270 856 584 931 repraesentationem
601 857 831 914 usitatissimam
853 856 984 913 adierint
1002 854 1142 925 artificeS,
1166 856 1275 930 quibus
1298 872 1367 930 pro-

270 957 404 1032 positum
436 965 516 1025 erat,
557 957 723 1031 hospitium
760 956 874 1015 Bacchi
913 957 1068 1031 effingere.
1120 957 1222 1031 Atque
1253 956 1368 1014 Bacchi

270 1056 366 1132 figura
396 1058 504 1113 addita
526 1058 721 1131 motibusque
745 1058 797 1114 viri
829 1067 860 1114 et
890 1057 1021 1114 feminae
1055 1066 1128 1133 apte
1153 1058 1278 1114 mutatis
1313 1063 1372 1113 noi

270 1176 349 1243 vum·
367 1175 445 1233 opus
468 1176 505 1216 ac
531 1176 644 1216 novum
671 1159 846 1234 exemplum
867 1167 1113 1232 procreaverunt,
1133 1159 1164 1214 in
1187 1176 1249 1233 quo
1272 1174 1368 1232 quan·

270 1266 320 1314 tus
351 1258 442 1314 fuerit
477 1258 575 1332 vigor,
610 1259 690 1333 legio
724 1259 773 1316 illa
801 1277 929 1334 operum
966 1258 1206 1334 anaglyphorum
1240 1260 1368 1315 demon·

272 1366 355 1427 strat,
380 1359 489 1433 quibus
504 1359 719 1435 exsculpendis
732 1360 900 1418 imitatores
914 1361 1091 1436 posterioris
1114 1360 1225 1416 aetatis
1242 1377 1368 1434 operam
1390 1419 1394 1426 ,

270 1472 468 1522 navaverunt.

371 1562 470 1619 Probe
504 1564 676 1619 tenendum
706 1571 754 1620 est
781 1562 986 1638 anaglyphum
1014 1561 1183 1619 ParIsinum
1212 1561 1368 1637 specimen

272 1671 392 1721 tantum
408 1682 476 1721 esse
492 1664 731 1748 anaglypborum
752 1665 901 1734 similium,
924 1681 1003 1739 quae
1027 1665 1089 1722 sive
1112 1664 1275 1738 deperdita
1297 1653 1377 1738 sunt

274 1765 336 1821 sive
353 1774 433 1822 terra
454 1765 565 1823 obruta
579 1766 660 1840 *olim
682 1765 814 1823 fortasse
836 1767 868 1822 in
890 1765 990 1822 lucem
1013 1765 1188 1839 prodibunt.
1227 1762 1369 1838 Namque

272 1867 305 1923 id
334 1876 509 1941 reputemus
541 1885 672 1925 necesse
699 1877 746 1924 est
768 1869 809 1924 ad
832 1876 918 1925 recte
939 1868 1181 1942 intellegendum
1203 1866 1236 1922 id
1258 1882 1367 1922 monu-

271 1976 417 2037 mentum,
441 1970 526 2042 quod
548 1987 630 2026 nunc
654 1970 798 2043 sequitur.

412 2068 446 2128 B.
489 2069 529 2126 ln
552 2088 636 2126 mus.
670 2070 755 2128 Brit.
809 2069 930 2126 Tabula
959 2087 997 2125 ex
1026 2067 1131 2142 argilla
1158 2067 1248 2126 facta.
1305 2067 1367 2124 Alt.

269 2184 372 2242 0‚433.
394 2169 462 2227 Lat.
485 2185 568 2243 0‚40.
618 2171 692 2228 Ellis
718 2170 855 2242 Townley
882 2168 1017 2241 Gallam,
1042 2169 1072 2237 Ι,
1099 2188 1176 2225 raom
1200 2168 1224 2235 Ι,
1250 2186 1294 2226 nr.
1316 2182 1367 2242 47.

269 2270 457 2344 Descri'pit'on
471 2270 509 2350 cys
517 2272 561 2327 the
582 2273 690 2333 collect.
713 2271 750 2349 (ff
765 2272 879 2327 ancient
899 2276 1067 2326 terracoltas
1089 2272 1120 2325 in
1142 2269 1186 2325 the
1205 2268 1272 2329 brit.
1296 2287 1367 2328 mus.

273 2371 373 2431 Lond.
406 2372 491 2431 1810.
526 2372 603 2432 Tab.
627 2373 724 2442 XXV,
747 2388 842 2448 n.47.
897 2371 1071 2447 Cavaceppi
1093 2371 1223 2428 raccolta
1243 2370 1296 2438 III,
1318 2384 1368 2442 45.

274 2470 405 2528 Creuzer
426 2471 576 2545 symbolik,
603 2488 653 2546 53,
681 2490 705 2531 1.
732 2473 788 2533 Ὀ.
810 2473 886 2530 lahn
920 2474 1000 2531 arch.
1029 2472 1107 2530 bez'tr.
1130 2490 1161 2546 p.
1181 2470 1248 2545 198,
1283 2470 1305 2529 Ι.
1330 2499 1367 2511 -—

271 2572 487 2648 Anaglypbum
521 2591 613 2649 super
642 2583 674 2631 et
699 2574 776 2631 infra
804 2575 916 2649 figuras
947 2583 1089 2631 ornatum
1111 2582 1160 2630 est
1180 2572 1368 2645 marginibus
1404 2631 1406 2634 ,

274 2675 411 2749 cymatiis
440 2673 552 2731 Ionicis
586 2674 731 2734 formatis,
776 2675 847 2732 Duo
878 2676 930 2732 viri
962 2675 1114 2732 imberbes
1142 2675 1173 2730 in
1202 2673 1293 2740 lect0‚
1328 2674 1370 2730 ad

271 2792 362 2849 quern
386 2777 528 2850 apposita
551 2792 670 2844 mensa,
699 2777 828 2844 cubant;
851 2777 975 2833 adsidet
995 2776 1109 2832 femina
1132 2775 1233 2848 capite
1256 2774 1368 2831 velam.

270 2875 393 2932 Baccho
415 2876 543 2932 barbato
565 2877 734 2952 amplisque
753 2878 943 2934 vestimentis
965 2878 1074 2933 induto
1097 2876 1281 2933 famulantur
1303 2875 1367 2931 duo

273 2975 424 3053 Satyrisci‚
449 2994 578 3051 quorum
594 2978 669 3034 alter
689 2980 781 3035 deum
797 2978 964 3036 excalceat.
1009 2976 1084 3034 Post
1106 2977 1218 3033 lectum
1240 2992 1375 3050 parapew

212 3071 214 3078 ’
273 3086 372 3136 tasma
396 3095 578 3152 suspensum
600 3088 657 3137 est.

370 3178 650 3253 Deprehenduntur
669 3180 717 3237 hic
740 3180 856 3255 aliquot
878 3180 1007 3255 vestigia
1028 3178 1177 3236 notabilia
1200 3178 1367 3254 archetypi„

269 3284 363 3357 quod,
387 3291 420 3337 ut
443 3282 563 3349 scimus,
588 3289 821 3338 monumentum
843 3281 1012 3356 sepulcrale
1034 3281 1099 3339 fuit.
1133 3279 1266 3336 Primum
1288 3280 1369 3336 enim

270 3383 382 3440 femina
405 3384 505 3450 sedet,
528 3401 601 3450 non,
628 3392 662 3440 ut
683 3383 715 3439 in
737 3383 929 3455 imaginibus
954 3400 1034 3456 quae
1057 3381 1135 3438 infra
1157 3389 1310 3450 secuntur,
1337 3381 1369 3436 in

269 3484 350 3540 lecto
363 3483 512 3540 reclinata
529 3492 590 3552 est;
615 3503 661 3552 ac,
685 3485 770 3557 quod
793 3491 886 3556 caput
908 3482 1021 3540 habeat
1044 3483 1187 3550 velatum,
1211 3482 1367 3556 aptissime

270 3602 309 3640 ex
338 3584 470 3657 lugentis
499 3584 604 3641 habitu
636 3585 811 3659 explicabis,
853 3583 976 3640 Deinde
1005 3585 1067 3640 duo
1092 3585 1145 3640 viri
1168 3584 1369 3640 communiter

271 3686 353 3742 lecto
369 3687 415 3742 usi
437 3686 559 3761 saepius
582 3687 613 3743 in
634 3686 830 3761 necrodipnis
853 3703 975 3760 quoque
998 3686 1203 3760 reperiuntur3
1226 3685 1367 3740 nimirum

273 3787 336 3843 duo
366 3787 537 3861 propinqui,
571 3789 622 3863 qui
644 3797 773 3845 mortem
795 3788 945 3855 obierant,
975 3787 1034 3844 hoc
1056 3788 1151 3842 modo
1175 3804 1237 3842 uno
1259 3787 1368 3841 monu-

268 3893 372 3941 mento
389 3884 620 3944 honorabantur
630 3883 660 3964 ¹).
683 3887 826 3963 Denique
845 3887 1017 3962 anaglypho
1033 3894 1139 3943 nostro
1152 3893 1369 3960 parapetasma
1428 3913 1431 3916 ·

369 4106 394 4175 1)
413 4110 452 4162 cf.
473 4126 552 4176 supra
570 4128 597 4177 p.
612 4124 644 4175 33
658 4128 716 4177 sqq.
735 4119 789 4164 not.
803 4126 825 4164 1.
847 4141 879 4149 -—
898 4115 1009 4162 Exstant
1021 4112 1086 4161 haec
1104 4111 1178 4160 illius
1198 4110 1302 4173 generis
1323 4125 1368 4158 ne·

269 4196 412 4261 crodipna:
440 4200 840 4267 Pervanoglusamilz'enmahl‚
861 4215 953 4261 nrr.1;
974 4204 1021 4265 763
1053 4213 1115 4264 1313
1138 4211 1203 4265 1453
1225 4198 1285 4256 181;
1309 4197 1365 4248 188.

271 4311 304 4320 -
323 4285 500 4351 Heydemann
518 4295 574 4338 ant.
594 4290 683 4338 bz'ldw.
703 4290 731 4336 in
745 4289 807 4341 Ata.
827 4305 851 4339 n.
872 4290 914 4350 96.
935 4318 967 4327 —
988 4289 1065 4340 Starlr
1084 4289 1257 4352 stddteleben‚
1275 4302 1301 4350 p.
1317 4284 1366 4349 582
