3234 5109
785 408 819 472 46
998 461 1001 464 ς

190 593 193 602 “
253 588 352 645 steriis
375 587 528 650 disseruit,
573 585 677 658 Atque
707 601 837 641 necesse
868 593 915 641 est
949 585 1095 642 artificem
1117 585 1348 651 Atheniensem,

251 690 303 764 qui
330 690 443 764 primus
477 686 558 743 illam
591 686 908 760 repraesentationem
942 687 1131 755 condiderit,
1165 704 1214 743 res
1246 702 1348 743 sacras

249 790 370 847 Atticas
383 788 530 862 effingere
544 786 686 846 voluisse.
716 786 873 861 Optimam
889 794 995 845 autem
1010 789 1245 863 explicationem
1260 804 1348 862 prae·

251 892 304 948 bet
338 889 557 947 Phanodemus
591 906 639 962 ap.
673 887 784 946 Athen.
821 888 879 956 XI,
919 886 1037 962 465³*
1084 885 1280 963 Φανόδημος
1313 885 1349 947 δὲ
1447 955 1449 968 1

250 988 332 1065 πρὸς
354 993 400 1070 τῷ
422 985 499 1069 ἱερῷ
533 1000 614 1064 φησι
646 989 704 1049 τοῦ
735 986 771 1048 ἐν
801 985 932 1063 Λίμναις
956 986 1125 1051 Διονύσου
1152 987 1191 1050 τὸ
1213 988 1349 1063 γλεῦκος

251 1089 415 1167 φέροντας
438 1089 515 1163 τοῦς
538 1085 725 1163 Ἀθηναίους
761 1087 805 1149 ἐκ
838 1089 916 1150 τῶν
942 1087 1067 1151 πίθων
1089 1094 1140 1171 τῷ
1173 1092 1247 1171 θεῷ
1270 1106 1349 1164 κιρ-

251 1189 380 1267 νάναι,
404 1186 475 1251 εἶθ’
501 1187 638 1264 αὑτοῖς
659 1187 968 1265 προσφέρεσθαι.
1024 1191 1134 1249 Vtrum
1155 1192 1235 1250 haec
1257 1191 1351 1248 verba

252 1295 293 1353 ad
308 1293 504 1351 Anthesteria
526 1300 670 1368 spectent
691 1309 789 1348 necne
805 1288 993 1367 (Mommsen
1008 1293 1025 1351 l.
1043 1312 1069 1353 c.
1085 1311 1113 1367 p.
1131 1291 1189 1366 362
1207 1301 1271 1351 not.
1287 1286 1349 1368 **),

251 1396 283 1452 in
315 1395 419 1452 medio
441 1394 618 1468 relinquam.
664 1391 837 1450 PutaverIm
872 1402 975 1451 autem
1006 1394 1072 1451 eius
1105 1395 1225 1467 generis
1259 1394 1350 1451 xenIa

251 1496 365 1554 Bacchi
388 1496 477 1553 latius
498 1496 645 1570 patuisse.
702 1495 815 1552 Similia
837 1496 917 1553 enlm
941 1497 1032 1552 etiarn
1055 1496 1126 1553 alibi
1147 1496 1349 1554 inveniuntur.

252 1596 298 1659 Cf.
323 1599 363 1654 de
386 1591 520 1672 ‘Thyiisf
560 1596 704 1653 Eleorum
732 1595 822 1655 Paus.
845 1595 897 1664 VI,
923 1596 971 1665 26,
999 1613 1092 1671 1sq.:
1127 1596 1211 1656 θεῶν
1243 1594 1280 1655 δέ
1313 1592 1348 1655 ἐν

251 1698 319 1773 τοῖς
352 1694 490 1773 μάλιστα
517 1694 685 1757 Διόνυσον
717 1694 875 1772 σέβουσιν
908 1692 1034 1773 Ἠλεῖοι,
1068 1694 1119 1758 καὶ
1151 1695 1221 1758 τὸν
1254 1695 1349 1758 θεόν

252 1811 395 1875 σφισιν
418 1797 635 1874 ἐπιφοιτᾶν
658 1796 693 1873 ἐς
716 1798 782 1858 τιῦν
806 1796 913 1859 Θυίων
929 1796 988 1872 τὴν
1011 1796 1128 1874 ἑορτὴν
1151 1796 1302 1871 λέγουσιν
1314 1794 1348 1875 ¹).
1368 1844 1371 1850 .

252 1933 292 1942 —-
314 1933 355 1942 —-
388 1899 526 1977 λέβητας
549 1899 585 1962 δὲ
608 1896 742 1975 ἀριθμὸν
765 1900 850 1975 τρεῖς
873 1897 908 1975 ἐς
931 1896 1045 1975 οἴκημα
1070 1897 1298 1975 ἐςκομίσαντες
1321 1895 1352 1961 οἱ

251 1997 347 2077 ἱερεῖς
380 2000 601 2063 κατατίθενται
632 1997 756 2076 κενούς,
787 2034 828 2043 -
849 2032 898 2061 -.
932 1998 967 2075 ἐς
991 2000 1027 2062 δὲ
1052 2000 1111 2076 τὴν
1137 1999 1351 2062 ἐπιοῦσαν-
1395 2042 1404 2060 .

253 2099 441 2178 ἐςελθόντες
468 2100 503 2176 ἐς
528 2101 567 2162 τὸ
590 2098 705 2176 οἴκημα
739 2099 945 2178 εὑρίσκουσιν
978 2098 1070 2163 οἴνου
1102 2100 1351 2176 πεπλησμένους

251 2203 330 2279 τοὺς
352 2202 497 2280 λέβητας.
541 2205 659 2262 Ibidem
683 2207 723 2262 de
748 2206 890 2263 Andriis:
923 2202 1056 2276 λέγουσι
1079 2203 1115 2265 δέ
1138 2202 1190 2265 καὶ
1208 2199 1351 2280 Ἄνδριοι

251 2302 339 2381 παρὰ
372 2302 446 2380 ἔτος
477 2302 591 2381 σφίσιν
622 2303 656 2379 ἐς
678 2306 737 2366 τοῦ
760 2302 929 2366 Διονύσου
951 2303 1010 2379 τήν
1034 2301 1149 2380 ἑορτὴν
1172 2302 1239 2381 ῥεῖν
1261 2300 1351 2366 οῖνον

253 2403 436 2481 αὐτόματον
459 2403 495 2466 έκ
518 2407 577 2467 τοῦ
599 2401 699 2481 ἱεροῦ.
729 2405 953 2464 Pellenensium
975 2402 1161 2481 Λαμπτήρια
1184 2407 1351 2464 Pausanias

252 2509 296 2568 ita
319 2508 474 2576 describit,
498 2506 566 2575 VII,
591 2522 640 2582 27,
663 2522 703 2579 3:
737 2503 840 2587 δᾷδάς
871 2525 907 2568 τε
937 2504 972 2582 ἐς
996 2505 1034 2568 τὸ
1056 2503 1144 2582 ἱερὸν
1167 2504 1351 2582 κομίζουσιν

254 2606 290 2671 ἐν
312 2605 409 2683 νυκτί,
432 2605 483 2668 καὶ
506 2603 597 2668 οἴνου
619 2610 781 2684 κρατῆρας
802 2605 931 2670 ἱστᾶσιν
954 2605 1017 2669 ἀνὰ
1039 2606 1097 2682 τὴν
1119 2606 1213 2669 πόλιν
1230 2609 1350 2669 πᾶσαν.

253 2709 310 2767 Vel
329 2712 459 2767 maxime
476 2719 578 2767 autem
594 2719 763 2767 memoratu
781 2711 875 2784 digna
888 2719 960 2768 sunt
971 2710 1162 2768 Cretensium
1175 2707 1352 2770 Θεοδαίσια

255 2807 306 2886 (cf.
331 2810 365 2869 C.
382 2812 404 2871 1.
423 2811 460 2870 G.
478 2811 516 2880 II,
541 2807 646 2888 2554).
685 2811 730 2871 Cf.
752 2811 827 2871 Hes.
851 2832 878 2871 v.
900 2808 1108 2885 Θεοδαίσιος·
1136 2808 1305 2884 Διόνυσος
1316 2805 1352 2886 l).

252 2911 347 2970 Cuius
370 2913 441 2970 festi
462 2931 577 2970 nomen
597 2914 755 2988 aptissime
778 2931 847 2971 cum
873 2908 1055 2975 (Θεοξένια
1084 2914 1216 2972 conferri
1239 2921 1352 2988 potest,

356 3187 467 3257 1)Plut.
488 3196 589 3254 quaest.
608 3190 702 3240 Graec.
726 3190 768 3255 36,
788 3202 818 3254 7:
854 3189 909 3242 Διὰ
937 3187 965 3242 τί
991 3188 1042 3242 τὸν
1070 3189 1213 3242 Διόνυσον
1241 3186 1268 3240 αἱ
1293 3190 1352 3239 τῶν

254 3275 368 3330 Ἠλείων
397 3282 526 3341 γυναῖκες
546 3278 684 3340 ὑμνοῦσαι
711 3281 906 3344 παρακαλοῦσι
938 3278 1011 3347 βοέῳ
1038 3279 1104 3331 ποδί
1132 3275 1352 3344 παραγίγνεσθαι

252 3365 323 3432 πρὸς
340 3365 440 3429 αῦτάς·
460 3367 516 3431 ἔχει
536 3366 559 3420 δ’
574 3366 666 3429 οὕτως
684 3368 701 3420 ὁ
718 3367 818 3430 ὕμνος·

602 3456 712 3522 Ἐλθεῑν,
731 3457 792 3522 ἣρω
812 3455 943 3523 Διόνυσε,

603 3543 716 3598 Ἀλείων
739 3545 767 3608 ἐς
783 3545 855 3597 ναόν

607 3632 694 3697 ἁγνὸν
714 3633 766 3686 σύν
785 3632 958 3700 Χαρίτεσσιν,

604 3722 633 3786 ἐς
650 3722 720 3775 ναόν

603 3815 646 3879 τῷ
666 3811 738 3880 βοέῳ
757 3811 824 3864 ποδί
842 3811 927 3863 θύων.

602 3901 660 3956 litte
678 3905 772 3968 ταῦρε,

604 3966 661 4042 ἄῇε
679 3994 733 4043 ταῦ
753 4005 774 4043 ε.

254 4076 293 4127 Cf.
313 4076 413 4139 Bergki
438 4078 468 4129 P.
493 4079 524 4129 L.
544 4078 577 4130 G.
600 4095 626 4144 p.
644 4091 719 4142 1299,
735 4006 779 4131 ριι.
800 4078 824 4130 6.
844 4107 880 4116 -
898 4079 996 4128 Nonne
1018 4076 1085 4127 haec
1104 4075 1226 4127 invitatio
1247 4074 1353 4140 egregie
1425 4042 1428 4046 Q

252 4164 376 4213 convenit
395 4180 454 4214 cum
472 4167 688 4217 Theoxeniorum
707 4174 733 4216 et
751 4168 888 4218 xeniorum
906 4166 1016 4218 natura?

354 4253 381 4316 2)
399 4252 521 4318 Itemque
533 4255 654 4304 homines
668 4271 699 4304 ex
712 4255 762 4304 illo
781 4256 850 4306 sesto
869 4258 977 4307 nomina
998 4263 1168 4323 acceperunt:
1199 4252 1352 4316 Θεόδαισις,

252 4338 466 4403 Pape-Benseler
486 4357 506 4393 s.
525 4358 555 4400 v;
575 4341 728 4408 Θεοδαίτης
747 4344 849 4396 Mionn.
869 4345 962 4412 Suppl.
976 4347 1024 4406 VI,
1044 4358 1069 4410 7.
