3234 5109
796 427 826 479 31

195 565 197 572 .
264 590 325 649 fab.
353 605 419 665 129.
465 588 609 663 Apollod.
637 588 661 657 I,
692 589 720 657 8,
748 582 788 663 1).
854 587 946 645 Hunc
978 605 1082 663 regem
1114 588 1266 648 Herculis
1288 608 1363 665 quo-

190 685 208 766 ,ΐῖ
265 709 326 766 que
360 691 511 766 hospitem
538 692 599 747 iam
629 684 867 764 cognovimus1)
909 706 1039 763 cumque
1071 690 1256 749 fabularetur
1289 711 1363 750 eun-

187 797 200 816 '·
266 793 340 852 dem
370 800 401 849 et
434 791 702 865 Bellerophontem
735 786 784 866 (ll.
813 789 865 858 Vl,
890 789 950 846 216
966 785 1047 866 sqq.)
1080 800 1112 848 et
1144 793 1364 850 Alcmaeonem

186 871 200 890 ν
265 892 398 967 hospitio
422 894 580 968 excepisse
614 900 645 948 et
677 891 745 948 illos
776 899 940 947 venatores
964 889 1152 967 Calydonios
1175 911 1232 967 per
1253 912 1363 952 novem

266 994 332 1052 dies
365 995 462 1069 epulis
494 993 678 1063 oblectasse,
710 1009 802 1050 nemo
837 1009 901 1049 non
934 993 1020 1050 videt
1054 1010 1125 1051 eum
1157 994 1204 1050 vel
1233 996 1364 1052 maxime

181 1071 192 1170 ’ἶι
265 1097 393 1170 proxeni
414 1096 539 1169 mythici
562 1096 697 1170 speciem
718 1112 793 1169 prae
817 1111 851 1151 se
874 1093 961 1151 serre.

187 1263 197 1290 Α,
367 1195 402 1252 ln
415 1197 518 1253 Attica
530 1205 590 1254 tres
606 1197 743 1271 hospites
764 1195 878 1253 Bacchi
900 1196 1103 1270 reperiuntur:
1125 1196 1239 1255 Icarius
1260 1197 1364 1256 Sema-

183 1369 184 1372 *
266 1298 341 1355 chus
353 1298 557 1373 Amphictyon
573 1293 613 1374 (v.
628 1297 766 1355 lahnium
788 1298 867 1355 ανᾶι.
885 1296 966 1357 bee'lr.
985 1316 1014 1372 p.
1031 1313 1090 1371 205
1108 1295 1199 1375 sqq.).
1237 1299 1362 1368 Icarius,
1419 1313 1420 1316 ’

165 1388 169 1394 ⁸
265 1406 437 1475 eponymus'
457 1399 572 1458 Icariae
589 1401 672 1475 pagi,
695 1399 823 1457 Athenis
839 1399 998 1455 colebatur
1010 1395 1088 1476 (Ael.
1105 1418 1134 1458 n.
1152 1418 1202 1458 an.
1217 1399 1286 1468 VII,
1300 1393 1363 1476 28),

266 1501 332 1558 sine
350 1502 445 1559 dubio
463 1508 496 1561 ut
513 1509 701 1577 propagator
715 1510 746 1557 et
763 1501 822 1557 vini
841 1509 872 1557 et
884 1501 1037 1576 religionis
1049 1501 1231 1569 bacchicae;
1251 1519 1289 1558 ac
1300 1520 1365 1559 me-

177 1629 193 1644 -·
265 1610 385 1658 moratu
395 1602 522 1676 dignum
533 1602 653 1659 videtur
665 1603 768 1669 deum,
780 1603 860 1658 sicut
869 1599 1028 1675 Calydone
1037 1620 1105 1659 cum
1113 1601 1252 1677 Althaea,
1266 1600 1364 1661 Oenei

169 1729 176 1782 ὲ
265 1719 361 1758 uxore
384 1703 593 1771 concubuerit,
625 1703 669 1760 ita
702 1702 867 1777 Erigonam
902 1720 1025 1777 quoque
1056 1702 1145 1760 Icarii
1166 1703 1258 1760 filiam
1281 1721 1365 1761 ama·
1408 1729 1410 1734 ’

126 1833 131 1858 ι
167 1789 174 1864 ζ
269 1804 350 1861 visse
362 1798 397 1879 ²).
420 1804 556 1878 Erigone
573 1811 606 1860 et
616 1802 798 1861 Phanothea
813 1812 911 1877 mater
928 1804 1067 1861 heroicos
1083 1804 1215 1861 honores
1231 1803 1364 1877 adeptae

268 1913 340 1962 sunt
362 1899 441 1983 (Ael.
464 1905 481 1963 l.
502 1922 527 1964 c.
552 1903 645 1963 Clem.
662 1905 748 1964 Alex.
771 1913 875 1963 strom.
896 1904 921 1972 I,
945 1923 975 1979 p.
996 1921 1052 1978 133
1076 1900 1179 1981 Sylb.).
1211 1905 1262 1960 Ad
1286 1903 1365 1961 Pha·

154 2023 174 2088 r·
267 2006 404 2063 notheae
425 2023 539 2064 nomen
559 2006 636 2062 Iahn
650 2014 736 2063 recte
752 2006 900 2064 adnotat:
923 1999 984 2061 ‘ein
1007 2025 1099 2074 name,
1122 2006 1173 2061 der
1195 2004 1260 2061 doch
1277 2002 1371 2084 offen·¹

76 2119 96 2156 ’.
269 2106 325 2163 bar
349 2104 471 2183 darauf
484 2107 638 2175 hindeutel,
663 2108 728 2163 dass
748 2107 790 2163 sie
810 2105 841 2163 in
865 2108 917 2163 der
936 2125 1007 2182 suge
1028 2108 1082 2163 mit
1101 2108 1153 2162 der
1175 2106 1365 2180 crscheinung

159 2227 172 2260 ν
269 2210 317 2264 des
345 2213 438 2282 gotter
476 2210 508 2263 z'n
540 2207 725 2283 verbz'ndung
758 2206 904 2282 gebracht
942 2203 1034 2267 war'.
1093 2206 1140 2267 Cf.
1173 2206 1365 2264 Welckerum

267 2308 381 2367 nachlr.
403 2326 429 2366 z.
452 2308 542 2365 resch.
566 2310 629 2367 trz'l.
652 2328 682 2383 p.
701 2323 769 2381 223.

363 2409 411 2466 De
434 2409 584 2466 Semacho
608 2409 782 2485 Stephanus
805 2410 875 2484 Byz.
907 2410 985 2467 haec
1007 2409 1102 2468 habet
1124 2429 1149 2469 ν.
1173 2407 1363 2484 Σημαχίδαι·

267 2509 369 2585 δῆμος
392 2505 542 2584 Ἀττικῆς,
577 2506 641 2570 ἀπὸ
665 2505 827 2586 Σημάχου,
858 2507 884 2590 ᾧ
907 2507 1050 2584 καὶτοῖς
1072 2507 1269 2586 θυγατράσιν
1293 2508 1364 2572 ἐπε-

146 2621 164 2674 “.
266 2606 389 2684 ξενώθη
411 2607 587 2686 Διόνυσος,
610 2605 667 2687 ἀφ’
691 2605 738 2671 ὧν
761 2606 793 2671 αἱ
814 2607 926 2686 ἱέρειαι
948 2603 1059 2671 αὐτοῦ.
1116 2611 1217 2668 Etiam
1240 2611 1289 2668 hic
1310 2613 1365 2686 igi·

267 2720 316 2767 tur
337 2710 416 2768 filiae
437 2712 539 2770 herois
569 2713 610 2770 ad
633 2712 798 2788 hospitium
821 2714 975 2788 pertinent
995 2722 1088 2787 atque
1110 2714 1154 2771 ita
1175 2714 1310 2787 quidem,
1331 2722 1366 2770 ut

268 2812 355 2885 quasi
381 2815 560 2871 sacerdotes
585 2815 636 2870 dei
659 2813 888 2889 intellegendae
909 2816 978 2873 sint.
1014 2812 1102 2886 Conf.
1120 2814 1233 2872 Euseb.
1259 2814 1363 2874 chron.
1447 2802 1453 2806 ⁴

269 2977 468 2986 —-—...--—.-

262 3116 268 3129 ·
371 3092 395 3161 1)
414 3093 561 3160 Μόλορχος
580 3095 651 3143 idern
675 3095 806 3157 significat
831 3101 909 3160 atque
928 3092 1034 3159 Οἰνεύς,
1061 3096 1133 3160 quod
1156 3096 1310 3161 opinionem
1329 3098 1365 3146 ai·

267 3184 335 3233 ferre
356 3188 447 3249 potest
466 3182 635 3232 Molorchum
653 3199 760 3248 quoque
777 3199 832 3232 non
852 3183 939 3232 solum
958 3183 1085 3232 Herculis
1106 3184 1154 3232 sed
1174 3184 1253 3233 etiam
1265 3184 1364 3235 Bacchi

265 3272 402 3338 hospitem
421 3272 514 3336 suisse3
534 3288 559 3323 v.
579 3288 649 3337 supr.
668 3288 694 3336 p.
705 3272 747 3323 26.

367 3361 391 3423 2)
410 3360 450 3412 Cf.
472 3353 576 3409 iab'ulas
601 3360 758 3420 simillimas,
784 3376 852 3426 quae
877 3368 938 3409 sunt
960 3360 994 3408 de
1015 3359 1141 3408 Herculis
1160 3375 1219 3409 cnm
1238 3360 1366 3410 Deianira

267 3447 349 3516 (Hyg.
363 3451 381 3501 i.
392 3447 438 3515 33)
468 3465 526 3498 cum
553 3455 635 3498 matre
659 3449 809 3512 Theagenis
828 3448 1025 3513 Thespiadibus
1044 3447 1143 3496 Diomo
1163 3448 1274 3498 Abdero
1303 3465 1365 3499 con·

267 3538 416 3589 suetudine.
439 3566 472 3575 —
502 3539 543 3587 De
567 3540 714 3603 Prosymno
736 3538 848 3601 Argivo,
875 3543 991 3587 amatore
1010 3534 1108 3584 Bacchi
1127 3536 1161 3586 ci.
1180 3537 1284 3586 Arnob.
1306 3539 1365 3590 adr.

267 3633 338 3688 gent.
357 3626 392 3686 V,
411 3626 454 3677 28.
473 3626 607 3692 Anonym.
628 3627 698 3692 apud
717 3627 949 3676 Westermannum
965 3623 1161 3690 Μυθογράφοι,
1179 3641 1203 3689 p.
1216 3624 1275 3687 368.
1293 3627 1364 3691 Hyg.

266 3714 376 3764 Astron.
394 3716 431 3774 Π,
452 3727 475 3779 5.
504 3716 582 3765 Paus.
601 3716 637 3774 II,
658 3726 699 3779 37,
720 3727 743 3780 5.
763 3716 797 3766 U.
818 3715 851 3763 de
871 3714 1054 3764 Wilamowitz
1074 3713 1143 3765 anal.
1161 3713 1253 3779 Eurip.
1272 3730 1298 3778 p.
1316 3715 1362 3764 181

266 3811 321 3853 not.
335 3818 359 3867 4.
391 3802 495 3852 Kaibel
514 3804 597 3868 epigr.
616 3818 653 3865 gr.
667 3803 727 3853 821.
772 3804 815 3852 De
834 3803 928 3852 Cerere
947 3801 1103 3869 Προσύμνῃ
1132 3801 1235 3850 monuit
1260 3802 1367 3852 Robert

266 3890 486 3951 Erathosthenes‚
505 3908 531 3956 p.
547 3904 598 3954 230
616 3898 670 3942 not.
684 3904 726 3942 21.
753 3892 855 3941 Nescio
875 3908 908 3941 an
925 3892 996 3941 idem
1016 3891 1094 3939 suerit
1106 3892 1267 3955 Prosymnus
1286 3891 1366 3941 heros

267 3980 376 4045 quidam
402 3980 684 4051 Lacedaemoniorum,
712 3981 746 4028 de
771 3997 824 4045 qno
849 3981 995 4029 Pausanias
1023 3977 1083 4046 (111,
1106 3990 1147 4042 13,
1169 3978 1194 4043 5)
1218 3978 1254 4027 ita
1284 3980 1366 4027 verba

202 4099 208 4104 -
266 4068 342 4117 iacit:
361 4067 432 4134 πρὸς
451 4069 529 4135 αὐτῷ
549 4069 579 4121 δὲ
599 4068 648 4133 (sc.
667 4072 708 4135 τῷ
727 4073 787 4136 ναῷ
807 4068 955 4127 ΔιονύσουΙ
971 4066 1134 4132 Κολωνάτα)
1154 4066 1270 4129 τέμενός
1288 4067 1364 4118 ἐστιν

266 4158 369 4223 ῆρωος,
398 4155 431 4208 ὃν
459 4161 510 4221 τῆς
535 4158 604 4209 ὁδοῦ
634 4159 684 4221 τῆς
711 4157 739 4220 ἐς
758 4156 890 4224 Σπάρτην
910 4156 1044 4224 Διονύσῳ
1063 4156 1134 4221 φοσί
1154 4154 1284 4217 γενέσθαι
1303 4155 1366 4219 ἡγε-

266 4246 347 4311 μόνο.
367 4248 408 4312 τῷ
430 4246 460 4298 δὲ
478 4247 552 4312 ἥρωϊ
569 4244 666 4312 τούτῳ
686 4246 750 4311 πρὶν
769 4246 787 4310 ἢ
806 4251 848 4314 τῷ
868 4248 924 4314 θεῷ
943 4246 1060 4298 θύουσιν
1079 4243 1107 4296 nl
1117 4240 1303 4304 Διονυσιάδες
1321 4240 1367 4292 καί

266 4332 295 4387 αἱ
312 4332 507 4397 Λευκιππίδες.
