3234 5109
810 344 842 398 35

284 541 311 581 n.
337 542 368 599 p.
393 540 414 583 s.
439 542 464 580 v.
491 539 527 580 22
551 532 635 581 recte
658 524 782 599 ponitur
807 525 892 581 iuxta
914 509 1129 584 Phormionem
1139 524 1162 602 ¹)
1187 528 1383 604 Spartiatam:

281 655 322 664 —
344 655 385 664 —
407 620 427 699 ἢ
450 620 601 699 Φορμίων
623 622 701 698 τοὺς
721 620 960 702 Διοσκούρους,
983 623 1003 700 ἢ
1026 624 1084 687 τὸν
1098 622 1301 703 ’Ἀσκληπιὸν
1324 629 1389 692 Σοί

282 725 407 800 φοκλῆς
428 721 558 788 ξενίζειν
581 721 680 800 αὐτός
702 743 738 786 τε
759 722 953 801 πειθόμενος
980 724 1032 787 καί
1054 728 1120 789 τῶν
1145 724 1254 790 ἄλλων
1277 727 1400 807 οὕτως.

283 815 426 899 ἐχόντων
448 823 501 886 διὰ
524 823 584 899 τὴν
606 823 783 901 γενομένην
807 823 1007 903 ἐπιφάνειαν.
1044 828 1154 903 Neque
1175 848 1232 888 nos
1256 834 1381 905 quidem

283 927 491 985 dubitabimus
528 926 687 1002 Sophoclis
723 928 889 1003 hospitium
921 931 1034 986 eadem
1070 931 1187 987 ratione
1219 933 1382 1006 explicare,

283 1046 375 1103 qnam
399 1029 439 1085 de
460 1028 599 1104 hospitiis
624 1028 843 1086 Dioscurorum
866 1030 1055 1104 aliorumque
1078 1032 1206 1088 deorum
1229 1034 1383 1092 disseren·
1439 1107 1442 1112 ἱ

283 1139 329 1187 tes
351 1131 573 1206 indagavimus.
627 1129 763 1187 Necesse
796 1132 879 1187 enim
912 1139 960 1187 est
987 1130 1171 1206 Sophoclem
1195 1132 1380 1210 Aesculapio

283 1232 374 1289 xenia
393 1248 447 1307 pro
471 1232 564 1288 sacris
589 1231 749 1304 gentilitiis
772 1231 819 1287 vel
843 1232 1020 1289 domesticis
1043 1251 1134 1307 agere
1157 1234 1280 1291 solitum
1303 1253 1381 1311 esse,

282 1334 345 1391 sive
368 1334 452 1407 quod
475 1350 513 1389 ea
535 1350 624 1389 secra
646 1351 665 1390 a
686 1333 852 1390 maioribus
876 1334 989 1391 tradita
1012 1344 1118 1391 essent
1133 1335 1196 1391 sive
1213 1338 1297 1410 quod
1313 1337 1380 1412 ipse

279 1435 396 1509 primus
416 1434 590 1494 instituerit.
1083 1495 1084 1498 ,

378 1532 458 1592 Nam
481 1536 510 1591 in
535 1536 708 1592 universum
731 1543 855 1592 constat
878 1536 1094 1611 Aesculapium
1126 1538 1282 1595 intereos
1304 1540 1382 1597 deos

284 1652 363 1703 esse,
386 1637 437 1711 qui
459 1635 651 1693 lectisterniis
677 1643 709 1692 et
728 1636 842 1693 mensis
865 1636 940 1693 cibis
964 1638 1118 1694 instructis
1140 1638 1317 1698 colerentur.
1345 1640 1382 1696 ld

281 1736 414 1809 probant
436 1737 499 1792 duo
521 1736 600 1792 tituli
622 1753 704 1795 saec.
726 1736 775 1804 Π,
800 1738 852 1810 qui
875 1736 1004 1794 Athenis
1028 1739 1069 1794 ad
1092 1737 1245 1796 theatrum
1267 1738 1381 1798 Bacchi

282 1836 385 1894 effossi
408 1845 493 1906 sunt;
517 1835 551 1896 C.
572 1838 594 1896 Ι.
617 1839 652 1896 A.
670 1837 708 1906 ΙΙ,
735 1853 760 1908 1,
783 1857 812 1913 ρ.
827 1837 889 1911 418
912 1856 955 1897 nr.
970 1838 1075 1912 453b3
1097 1857 1125 1914 p.
1141 1855 1203 1914 419
1226 1859 1269 1899 nr.
1285 1856 1380 1915 4530.

282 1940 463 1998 Laudantur
493 1942 574 1998 enim
610 1942 788 1998 sacerdotes
810 1941 995 2017 Aesculapii,
1030 1942 1101 2016 quia
1136 1943 1176 1998 de
1210 1942 1270 1998 deo
1300 1941 1380 1998 bene

281 2043 456 2110 meruerint,
477 2060 514 2099 ec
533 2042 579 2099 bis
596 2042 737 2117 legimus:
761 2036 943 2121 ἕστρω]σεν
965 2039 1002 2103 δὲ
1025 2038 1076 2102 καί
1097 2038 1156 2117 τὰς
1178 2036 1303 2120 κλ[ίνας
1315 2090 1321 2102 .
1335 2089 1341 2101 .
1355 2088 1380 2102 ..

280 2142 346 2203 τῶν
369 2138 508 2220 Θυσι]ῶν
531 2140 699 2219 ἐπιφανῶς
714 2139 748 2220 ²).
802 2144 879 2201 Inde
911 2145 1089 2211 edocemur,
1123 2145 1172 2200 cui
1204 2144 1272 2200 usui
1291 2142 1397 2210 fuerit·
1458 2171 1459 2174 ¹

284 2245 382 2302 lectus
406 2243 466 2312 ille,
495 2261 587 2319 quem
608 2244 779 2303 Pausanias
803 2241 854 2319 (X,
879 2261 926 2320 32,
950 2239 983 2321 8)
1004 2245 1037 2303 in
1059 2243 1243 2301 Phociorum
1264 2244 1379 2319 templo

282 2345 458 2421 Aesculapii
484 2346 559 2402 vidit
579 2347 664 2403 iuxta
687 2347 739 2403 dei
761 2347 881 2420 signum
903 2346 1047 2421 positum.

382 2448 663 2522 Repraesentatum
694 2455 742 2504 est
774 2447 863 2503 huius
886 2447 938 2503 dei
959 2447 1179 2504 lectisternium
1200 2448 1232 2503 in
1253 2464 1379 2504 nummo

282 2548 415 2623 Bizyeno
438 2546 577 2623 Philippo
605 2548 774 2622 imperante
802 2549 903 2620 edit03
934 2546 970 2606 cf.
999 2546 1092 2606 Catal.
1121 2544 1161 2623 os
1183 2547 1272 2622 greek
1294 2548 1380 2616 coins,

285 2647 395 2705 Thrace
416 2667 444 2723 p.
458 2664 499 2723 90
509 2644 543 2724 ί).
588 2642 746 2723 ‘Asclepios
772 2649 921 2722 reclz'nz'rrg
943 2649 963 2705 l.
988 2666 1023 2704 on
1046 2648 1141 2717 touch,
1177 2649 1240 2704 arrd
1251 2648 1379 2724 placing]

494 2765 508 2791 t

281 2869 384 2929 praeter
403 2864 543 2913 cubantem
560 2865 669 2914 heroem
688 2864 755 2913 alter
773 2862 853 2913 heros
873 2864 923 2913 sub
942 2863 1039 2929 equitis
1056 2864 1139 2914 forma
1159 2863 1312 2928 exsculptus
1332 2869 1381 2922 est,

281 2968 336 3001 non
354 2951 533 3002 dubitabimus
559 2954 670 3002 eandem
693 2953 821 3003 rationem
839 2953 883 3002 hic
902 2953 1037 3004 adhibere.
1074 2953 1154 3002 Alter
1173 2952 1243 3002 enim
1260 2958 1380 3002 mortuus

282 3043 481 3091 consecratione
500 3042 533 3090 ad
546 3041 697 3101 Plutonem,
715 3042 745 3090 id
765 3042 838 3107 qnod
858 3042 1060 3091 usitatissimum
1079 3048 1143 3100 erat,
1164 3041 1311 3107 applicatus
1331 3046 1379 3100 est,

281 3131 347 3181 alter
367 3158 399 3167 -
418 3136 493 3195 pater
511 3137 555 3180 aut
573 3146 636 3179 avus
655 3130 728 3180 illius
749 3158 781 3166 —
803 3130 839 3194 ad
855 3130 1057 3195 Aesculapium.

384 3216 408 3285 1)
428 3219 499 3281 Quid
517 3218 624 3267 nomina
638 3216 784 3284 Εὐφορίων
799 3225 826 3268 et
839 3216 971 3284 Φορμίων
991 3217 1148 3281 significent,
1167 3234 1221 3267 non
1240 3217 1379 3281 intellego,

281 3315 368 3358 tamen
387 3308 495 3374 stirpem
516 3322 570 3373 φερ
589 3309 694 3373 utrique
714 3309 803 3357 inesse
822 3308 850 3357 in
867 3308 1010 3373 propatulo
1030 3314 1078 3358 est.
1116 3305 1262 3372 Παμφάης
1280 3308 1379 3372 optime

276 3404 388 3446 naturae
407 3397 599 3446 Dioscurorum
618 3396 748 3447 convenit.
1456 3379 1459 3390 ’

383 3482 411 3553 2)
432 3485 527 3535 Girard
547 3487 613 3534 tull.
632 3487 658 3535 d.
677 3501 749 3538 corr.
766 3485 832 3535 hell.
850 3486 886 3544 II,
906 3501 931 3551 p.
943 3484 977 3533 80
995 3491 1049 3535 not.
1065 3496 1079 3546 3
1100 3483 1190 3534 miram
1208 3483 1319 3549 protulit
1338 3499 1381 3532 ex·

281 3573 466 3639 plicationem:
503 3572 610 3622 ‘c'ltait
626 3575 652 3622 le
671 3575 763 3622 devoir
783 3574 829 3621 des
843 3574 953 3636 pretres
973 3575 1005 3621 de
1017 3576 1156 3637 preparer
1176 3574 1222 3622 des
1241 3575 1288 3622 lits
1307 3580 1382 3636 pour

282 3665 321 3712 les
340 3660 485 3711 malades‘.

384 3747 411 3816 3)
429 3750 526 3798 Denuo
550 3749 635 3799 edidit
652 3765 785 3799 nummum
803 3752 839 3801 A.
857 3751 890 3800 de
909 3749 994 3800 Sallet
1015 3751 1138 3801 zeitschr.
1151 3750 1180 3816 f.
1200 3752 1326 3801 numism.
1346 3749 1379 3810 V,

281 3854 307 3905 p.
319 3850 370 3903 327
382 3854 439 3904 sqq.
465 3839 540 3888 Idem
554 3854 577 3889 v.
592 3838 618 3889 d.
633 3853 659 3904 p.
670 3850 722 3900 324
743 3839 834 3888 docuit
847 3854 988 3898 nummum,
1009 3854 1088 3902 quam
1101 3839 1166 3888 Gori
1180 3838 1208 3887 in
1220 3838 1296 3888 Mus.
1307 3839 1380 3890 Flor.

281 3927 334 3978 tab.
346 3927 486 3976 LXXVII
499 3927 523 3976 E
541 3925 610 3975 male
630 3925 895 3997 delineatum-dedit,
914 3927 986 3975 haud
1006 3925 1087 3975 dubie
1110 3927 1221 3975 eandem
1238 3925 1381 3988 imaginem

281 4014 418 4073 habuisse3
446 4021 582 4079 praeterea
604 4015 691 4064 adfert
717 4015 753 4080 (p.
768 4015 832 4083 325)
858 4015 973 4065 similem
1001 4030 1135 4064 nummum
1161 4014 1380 4079 Thyatirenorum

282 4103 351 4168 apud
371 4103 514 4153 Sestinium
534 4106 642 4154 deseris.
663 4105 734 4154 delle
751 4107 870 4168 medagl.
889 4105 1041 4154 Benkowits
1060 4103 1148 4162 tabl,
1165 4114 1211 4167 133
1231 4101 1380 4166 nuperrime

282 4189 396 4256 deniqne
410 4189 519 4258 (atschr.
527 4192 556 4259 f.
569 4208 642 4245 num.
660 4194 712 4254 IX,
734 4210 760 4259 p.
777 4194 826 4244 168
840 4193 892 4262 sq.)
909 4194 1015 4243 tertium
1027 4192 1106 4242 huius
1122 4192 1225 4257 generis
1247 4206 1380 4241 nummum
1429 4244 1432 4251 ,

280 4281 503 4343 Pergamenorum
525 4280 636 4331 addidit.
