3234 5109
801 389 835 441 24

271 549 336 612 Σιὼ
352 547 535 627 δεξάμενος.
564 545 631 611 ’Τὼ
648 545 730 611 Σιὼ’
753 551 833 608 enim
846 550 988 610 Dioscuri
1007 552 1091 626 apud
1102 550 1369 609 Lacedaemonios

271 652 339 714 κατ’
363 650 478 728 ἐξοχὴν
500 652 700 719 vocabantur,
733 653 822 709 sicuti
844 652 972 709 Athenis
1000 650 1095 709 Ceres
1128 660 1159 709 et
1186 652 1369 728 Proserpina

270 752 317 818 1111
349 750 423 816 Θεώ
456 754 641 827 audiebant;
676 753 713 812 cf.
735 754 785 812 Ar.
809 771 877 827 pac.
895 769 961 825 214
995 749 1079 830 (cum
1108 753 1202 812 schol.
1237 755 1321 811 adde
1343 773 1370 813 v.

272 852 361 933 285);
397 856 467 929 Lys.
496 874 541 914 vv.
562 852 616 924 81;
651 853 705 923 86;
735 852 810 928 983;
845 853 941 930 1oqo;
986 854 1072 913 1181.
1102 854 1179 913 Xen.
1203 855 1291 914 anab.
1314 854 1368 924 VI,

214 1005 217 1014 .
271 957 301 1027 6,
323 973 371 1031 34.
415 951 696 1028 He11.1V,4‚›10.
750 956 820 1013 Scio
850 957 996 1030 equidem
1026 956 1139 1013 multos
1166 955 1260 1013 luisse
1290 953 1369 1017 Θεο-

272 1056 403 1132 δέκτας;
436 1068 541 1115 11111111
575 1057 836 1115 confidentissime
871 1060 1028 1115 contendo
1059 1057 1126 1115 illos
1149 1057 1370 1115 Dioscurorum

272 1162 450 1219 sacerdotes
472 1179 537 1217 non
559 1159 684 1216 fortuito
713 1158 745 1214 id
773 1175 888 1215 nornen
915 1160 1081 1234 accepisse.
1136 1159 1267 1218 Constat
1289 1162 1371 1218 enim
1437 1173 1439 1178 '

272 1260 422 1330 Oeneum,
448 1260 520 1334 quia
541 1259 707 1316 Herculem
738 1260 769 1315 in
791 1259 956 1334 hospitium
978 1260 1155 1334 recepisset,
1177 1256 1368 1335 Δεξαμενόν

271 1370 415 1420 vocatum
436 1377 507 1418 esse
541 1359 669 1433 (Preller
688 1379 737 1435 gr.
760 1360 872 1433 mythol.
894 1361 930 1433 Π,
953 1380 982 1436 p.
1003 1375 1078 1434 2453
1107 1363 1281 1419 adsentitur
1302 1361 1370 1419 Ste-

251 1463 365 1539 ,phani
387 1461 420 1521 C.
443 1463 480 1521 R.
507 1460 583 1534 1865
607 1480 635 1536 p.
653 1456 735 1538 103),
772 1470 804 1519 et
828 1461 1007 1538 Sophocles,
1042 1464 1127 1537 quod
1154 1463 1370 1536 Aesculapium

273 1564 427 1639 recepisse
454 1564 630 1638 putabatur,
664 1580 839 1639 cognomen
858 1561 985 1625 Δεξίων
1014 1574 1123 1622 nactus
1154 1573 1210 1623 est.
1267 1562 1371 1635 Quare

272 1673 377 1722 nostro
401 1665 466 1721 iure
485 1664 725 1722 existimabimus
756 1668 787 1722 in
810 1665 953 1723 Sidectae
975 1676 1068 1741 gente
1091 1667 1218 1722 similem
1238 1666 1371 1741 viguisse

274 1766 408 1824 fabulam
432 1774 524 1840 atque
545 1766 577 1821 in
599 1766 804 1841 Euphorionis
828 1766 991 1841 Pamphais
1027 1775 1197 1823 ceterorum
1217 1766 1370 1841 gentibus,

273 1867 382 1941 quibus
406 1868 498 1924 xenia
520 1866 741 1925 Dioscurorum
761 1864 832 1943 ἱερὰ
854 1867 990 1943 πατρῶα
1015 1876 1127 1926 essent.
1167 1868 1213 1924 Ac
1236 1866 1261 1924 si
1282 1884 1371 1940 repu-

272 1968 435 2025 taverimus
457 1968 603 2042 pleraque
627 1985 714 2025 sacra
734 1968 857 2043 publica
873 1985 910 2024 ex
930 1969 1058 2043 privatis
1080 1969 1123 2026 ita
1144 1977 1212 2026 orta
1235 1984 1314 2034 esse,
1337 1975 1371 2024 ut
1447 2035 1451 2038 ¹

272 2078 382 2144 gentes
403 2070 579 2128 sacerdotia
602 2086 726 2125 suorum
743 2068 872 2125 deorum
889 2069 1066 2137 retinerent,
1088 2068 1283 2143 perspicuum
1306 2067 1372 2145 erit,

272 2190 326 2229 cur
345 2171 405 2239 illa,
429 2187 522 2244 quam
544 2170 699 2237 extricavi,
723 2169 837 2227 familia
852 2170 1007 2244 publicum
1023 2186 1147 2244 quoque
1163 2167 1372 2225 sacerdotium

272 2271 492 2330 Dioscurorum
514 2270 664 2330 habuerit.

1281 2385 1317 2418 l

756 3039 830 3116 Cap.
852 3041 888 3100 lI.

598 3198 655 3260 De
679 3194 870 3278 hospitiis
893 3194 1051 3260 divinia.

373 3386 455 3443 Vera
477 3405 514 3444 ac
547 3385 719 3461 principalis
751 3384 966 3443 sacrificiorum
994 3394 1104 3443 natura
1131 3386 1174 3442 ita
1197 3386 1372 3442 definienda

275 3488 405 3555 videtur,
438 3495 472 3543 ut
499 3487 549 3543 dei
577 3488 671 3543 sacris
700 3504 718 3541 a
745 3486 919 3543 hominibus
949 3486 1059 3543 oblatis
1090 3485 1235 3545 fruantur.
1280 3485 1373 3544 Cadit

277 3589 337 3646 hoc
370 3589 535 3663 praecipue
566 3606 636 3645 cum
665 3588 697 3644 in
730 3587 832 3644 omnia
865 3587 914 3643 1111
944 3586 1133 3644 Graecorum
1162 3605 1258 3657 sacra,
1293 3605 1372 3662 quae

275 3691 433 3747 xeniorum
455 3689 578 3746 nomine
602 3688 900 3765 comprehendimus
932 3697 996 3745 turn
1018 3688 1049 3744 in
1071 3689 1267 3757 lectisternia,
1295 3706 1371 3764 quo·

273 3809 339 3847 rum
372 3799 538 3866 apparatus
571 3808 695 3866 prorsus
723 3791 806 3848 idem
834 3798 900 3848 erat
931 3799 1024 3864 atque
1052 3786 1184 3848 hominis
1211 3791 1371 3865 epulantis

274 3890 395 3949 Eadem
423 3892 541 3948 ratione
563 3893 747 3967 intelligitur,
771 3909 925 3966 quaenam
947 3891 1038 3949 suerit
1059 3910 1154 3949 causa
1177 3910 1231 3948 cur
1248 3891 1372 3949 fabulae

275 3995 314 4050 de
327 3992 547 4050 Dioscurorum
569 3994 708 4070 hospitiis
730 3996 761 4051 in
784 3996 829 4051 eis
852 3994 995 4067 gentibus
1016 3995 1164 4068 vigerent,
1188 3992 1370 4068 quaeDios·

274 4111 365 4153 curos
398 4094 495 4151 xeniis
529 4097 628 4152 colere
662 4096 813 4154 solebant.
858 4096 921 4152 Sed
953 4113 1022 4152 cum
1054 4095 1176 4154 fabulae
1205 4093 1371 4152 simillimae

274 4194 368 4251 etiam
383 4193 423 4248 de
440 4193 505 4250 aliis
522 4195 588 4251 deis
604 4194 813 4269 heroibusque
825 4194 1004 4263 referantur,
1021 4213 1134 4270 operae
1156 4195 1290 4269 pretium
1305 4192 1371 4251 fore

274 4293 457 4353 crediderim
487 4294 536 4353 illa
567 4295 699 4371 hospitia
724 4297 828 4354 divina
850 4296 943 4372 paulo
966 4297 1145 4373 explicatius
1173 4301 1370 4372 pertractare.
