3234 5109
822 426 857 463 22

292 594 380 661 parte
403 585 467 643 lere
489 586 618 645 dimidia
641 588 807 645 nobiliores
831 590 913 645 velut
936 590 1116 647 sacerdotes
1139 597 1171 645 et
1192 589 1387 664 magistratus

292 687 497 756 nominentur,
525 697 588 745 tum
616 689 757 747 homines
785 692 826 748 de
852 690 951 764 plebe,
980 690 1116 764 opifices,
1144 698 1178 747 ut
1200 690 1294 757 vides,
1326 689 1389 746 fere

293 805 410 847 omnes.
454 787 558 858 Por‘ro,
586 791 611 847 si
640 809 657 847 e
686 791 785 866 priore
818 799 906 864 parte
933 792 1130 865 magistratus
1156 798 1190 846 et
1214 790 1388 865 praesidem

294 888 453 964 epularum
475 892 651 959 semoveris,
674 891 803 949 habebis
825 890 935 948 hosce:

592 988 834 1069 Εὐρυβάνασσα
856 989 991 1053 Σιδὲκτα

589 1090 757 1168 Τυνδάρης
779 1091 914 1154 Σιδέκτα
935 1089 1041 1169 ἱερεύς

588 1191 771 1269 Δεξίμαχος
793 1190 949 1269 Πρατόλα

524 1311 553 1370 5.
588 1294 742 1371 Σιοέκτας
761 1283 918 1373 Πρατόλα

509 1413 554 1457 11.
587 1393 761 1473 Πρατόλας
784 1395 978 1473 Δεξιμάχου.

292 1496 402 1555 Nonne
425 1506 512 1556 extra
534 1500 661 1556 dubium
682 1501 818 1575 positum
848 1511 906 1567 est,
939 1501 1012 1576 quin
1042 1501 1091 1559 hic
1118 1500 1388 1576 deprehendamus

292 1616 384 1655 unam
411 1600 565 1668 familiam,
599 1619 637 1657 ex
659 1619 720 1676 qua
752 1603 923 1677 prodierint
942 1602 1164 1661 Dioscurorum
1191 1597 1389 1660 sacerdotes?

291 1700 400 1775 Neque
423 1703 503 1757 enim
527 1719 601 1759 casu
617 1704 730 1770 evenit,
753 1710 786 1759 ut
802 1698 1389 1776 8111011οο111101101110113111υνδάρης

291 1796 343 1877 (cf.
366 1802 500 1859 Keilium
523 1820 607 1878 spec.
630 1812 766 1862 onomat.
787 1822 818 1878 p.
837 1802 873 1860 16
888 1812 920 1860 et
935 1823 965 1880 p.
982 1799 1045 1881 30).
1082 1805 1242 1862 Laudatur
1263 1806 1389 1878 insuper

290 1902 322 1958 in
353 1903 443 1959 titulo
473 1904 626 1978 Spartano
658 1898 707 1980 (C.
737 1904 760 1963 Ι.
794 1903 836 1963 G.
859 1904 882 1973 I,
912 1924 941 1963 n.
970 1902 1059 1981 1340)
1094 1905 1169 1964 alter
1205 1901 1388 1978 Δεξίμαχος

291 1998 564 2077 Προτολάου....
587 2001 693 2080 ἱερεὺς
715 1993 763 2082 μβ’
793 2000 858 2066 ἀπὸ
881 2003 1097 2081 Διοσκούρων
1123 2001 1176 2083 (cf.
1200 1991 1389 2064 Boeckhium

291 2105 332 2160 ad
354 2103 383 2161 11.
407 2104 424 2161 Ι.
451 2136 486 2145 -
512 2107 595 2164 adde
617 2107 657 2163 ib.
680 2125 737 2164 1111.
763 2122 841 2181 1439
865 2116 896 2165 et
923 2122 1011 2181 1440,
1036 2106 1076 2183 2).
1392 2111 1400 2118 “

390 2207 432 2264 At
453 2205 543 2264 huius
566 2207 699 2265 familiae
713 2208 854 2265 homines
870 2227 932 2265 non
949 2210 1049 2266 solum
1070 2211 1102 2266 in
1124 2209 1238 2284 lapide,
1261 2207 1302 2264 de
1325 2223 1387 2282 quo
1400 2205 1417 2218 ¹

296 2306 429 2381 agimus,
457 2316 669 2376 recensentur,
694 2326 799 2365 verum
831 2310 924 2366 etiarn
952 2310 984 2366 in
1011 2308 1036 2367 C
1064 2318 1096 2366 et
1117 2310 1156 2368 H.
1200 2309 1236 2365 ln
1259 2307 1284 2366 C
1307 2307 1388 2363 enim

293 2408 451 2482 epularum
473 2426 597 2483 praeses
626 2417 674 2466 est
696 2407 850 2484 Σιδέκτας
871 2406 1056 2485 Δεξιμάχου
1077 2411 1108 2466 111
1130 2409 1161 2466 H
1183 2419 1305 2484 praeest
1326 2404 1387 2467 Πο.

291 2504 349 2569 Μέ.
372 2505 567 2585 Πρατόλαος
590 2510 648 2571 1οὓ
672 2506 866 2586 Δεῖιμάχου,
895 2513 945 2586 qui
969 2528 1037 2567 cum
1061 2511 1169 2569 ceteris
1192 2509 1388 2568 Deximachis

228 2601 232 2620 ⁸
293 2618 357 2667 tum
379 2610 429 2677 1111,
462 2628 552 2688 quem
575 2611 698 2669 aliunde
723 2612 821 2680 attuli,
851 2610 1071 2669 Dioscurorum
1097 2613 1253 2670 sacerdoti
1271 2608 1387 2671 Ποπλι.

291 2706 371 2787 Μέμ.
393 2709 564 2792 Δεέιμάχῳ
594 2708 791 2788 Πρατολάου
818 2722 967 2788 cognatus
998 2723 1054 2773 est.
1103 2713 1246 2788 Denique
1274 2732 1388 2772 nomen

290 2807 448 2885 Σειμήδης
470 2807 524 2888 (Η)
552 2830 621 2869 cum
650 2810 804 2886 Σιδέκτας
835 2814 1023 2887 coniungere
1047 2815 1119 2871 licet
1145 2814 1317 2871 secundum
1339 2831 1386 2869 ra·

293 2912 407 2968 tionem
423 2913 454 2968 in
470 2914 643 2970 nominibus
659 2914 771 2970 dandis
787 2914 966 2987 saepissime
990 2922 1169 2990 usurpatam
1192 2909 1244 2990 (cf.
1262 2914 1295 2973 Ε.
1313 2912 1386 2971 Cur-

289 3005 365 3070 1111111
388 3013 557 3073 monatsber.
583 3016 608 3073 d.
633 3013 704 3074 berl.
728 3014 814 3075 akad.
844 3012 932 3089 1870,
955 3034 984 3090 p.
1005 3014 1060 3071 162
1078 3010 1145 3091 sq).

390 3113 448 3172 Pro
465 3124 549 3173 certo
566 3124 668 3173 autem
685 3116 762 3173 haec
779 3117 944 3173 lucramur:
966 3118 1044 3173 inter
1066 3136 1130 3185 eos,
1154 3119 1206 3192 qui
1222 3119 1263 3173 ad
1279 3118 1385 3192 epulas

291 3215 490 3285 vocabantur,
506 3217 680 3291 primarium
695 3219 796 3273 locum
812 3218 996 3274 obtinebant
1008 3216 1148 3275 homines
1163 3219 1228 3275 eius
1245 3218 1385 3284 familiae,

290 3335 369 3392 quae
391 3317 611 3375 Dioscurorum
634 3319 808 3375 sacerdotio
832 3317 1024 3392 fungebatur,
1058 3320 1171 3375 deinde
1194 3320 1387 3393 eligebantur

290 3417 399 3491 singuli
422 3419 628 3493 magistratus,
653 3420 787 3493 denique
810 3418 859 3475 alii
883 3435 1006 3492 quoque
1031 3418 1112 3475 cives
1136 3420 1248 3475 eodem
1270 3418 1387 3475 honore

291 3516 374 3593 digni
397 3516 629 3593 habebantnrl).

393 3717 418 3783 1)
437 3719 484 3767 Ad
503 3734 581 3784 quam
599 3733 716 3767 normam
737 3718 779 3767 illi
803 3719 874 3767 cives
895 3718 974 3767 electi
997 3719 1058 3777 sint,
1082 3735 1136 3768 non
1159 3719 1270 3768 audeam
1289 3719 1387 3767 discer·
1446 3785 1448 3790 ,

290 3821 361 3856 nere.
410 3807 479 3856 Nam
499 3808 561 3857 satis
581 3806 691 3856 dubium
711 3813 751 3856 est
774 3808 802 3856 in
822 3808 953 3872 Prytaneo
972 3808 1179 3857 Atheniensium
1199 3809 1296 3856 nedum
1316 3807 1386 3872 apud

289 3893 432 3959 Spartanos
452 3896 562 3944 eandem
586 3896 704 3958 viguisse
723 3897 952 3956 consuetudinem,
972 3911 1049 3961 quam
1066 3897 1095 3945 in
1113 3897 1183 3944 Orco
1204 3881 1307 3944 exstare
1326 3895 1387 3943 Ari·

290 3982 434 4049 stophanes
453 3983 515 4045 (rau.
536 3984 584 4047 761
601 3984 672 4051 sqq.)
692 3985 785 4033 iocose
804 3984 883 4035 dicit:

559 4072 645 4135 νόμος
663 4088 705 4134 τις
724 4070 817 4124 ἐνθάδ’
838 4072 897 4124 ἐστὶ
916 4070 1042 4135 κείμενος

488 4157 544 4211 ἀπὸ
563 4163 622 4211 τῶν
640 4164 748 4226 τεχνῶν
767 4161 832 4213 ὅσαι
851 4159 967 4225 μεγάλαι
985 4161 1031 4211 καὶ
1049 4157 1141 4223 δεξιαί,

488 4247 539 4299 τὸν
558 4248 674 4313 ἄριστον
694 4250 840 4301 ὄντατῶν
861 4249 964 4301 ἑαυτοῦ
984 4248 1146 4312 συντέχνων

490 4334 599 4403 σίτησιν
619 4338 706 4392 αὐτὸν
726 4337 756 4392 ἐν
775 4335 936 4406 πρυτανείῳ
955 4337 1113 4402 λαμβάνειν.
