3234 5109
766 386 780 441 5

226 553 430 612 sacrificarent
468 549 519 627 (cf.
553 550 728 608 Hoeclrium
764 549 856 609 Creta
880 550 938 619 ΙΙΙ,
972 568 1000 625 p.
1020 565 1075 625 127
1093 546 1180 626 sq.).¹
1217 552 1320 627 Atque

193 685 197 700 r
227 655 358 713 sortasse
382 654 587 711 Athenienses
610 669 733 727 quoque
756 652 843 709 simili
874 653 979 723 mode,
1012 671 1081 711 cum
1114 653 1145 710 in
1167 645 1328 729 Prytaneo

227 756 425 814 solemniores
448 756 553 830 epulas
570 754 780 822 instituebant,
804 753 1031 813 Dioscurosut
1053 756 1130 813 deos
1152 754 1320 831 hospitales

225 858 398 917 adorabant
405 875 413 928 ;
447 865 583 915 attamen
605 855 638 912 id
660 872 783 931 quoque
806 857 956 931 suspicari
976 857 1047 936 licet
1067 857 1149 915 illam
1172 835 1320 915 caerimo-

225 959 307 1016 niam
329 977 399 1016 eum
421 958 524 1032 aliquo
548 957 626 1014 festo
649 956 870 1014 Dioscurorum
892 957 973 1013 velut
1001 975 1071 1014 cum
1092 957 1224 1016 AnaceIs
1247 975 1322 1015 con·

224 1060 359 1117 iunctam
382 1060 484 1118 fuisse.

325 1159 461 1218 Dubium
483 1166 539 1228 est,
572 1177 644 1215 num
667 1159 697 1215 in
720 1158 872 1235 Prytaneo
905 1166 1028 1234 praeter
1058 1177 1196 1219 mensam
1228 1160 1321 1240 etiam

227 1262 323 1320 lectus
358 1269 563 1319 exornaretur.
624 1259 682 1317 Pro
715 1269 800 1317 certo
834 1269 938 1317 tamen
970 1260 1127 1317 statuerim
1153 1260 1321 1319 Dioscuros

229 1343 357 1420 Athenis
381 1363 493 1419 alicubi
515 1362 707 1420 lectisterniis
731 1361 830 1419 cultos
850 1379 928 1420 esse.
962 1360 1042 1419 Nam
1064 1361 1152 1419 huius
1175 1362 1322 1419 caerimo-

225 1465 295 1521 niae
329 1465 493 1539 imaginem
526 1464 664 1520 ostendit
705 1463 843 1539 lecythus
884 1464 1039 1537 quaedam
1071 1462 1176 1520 Attica
1211 1463 1322 1521 abhinc

207 1551 402 1642 xquindecim
425 1581 523 1623 annos
546 1583 565 1638 e
586 1566 702 1622 tumulo
726 1564 894 1623 Camirensi
924 1565 1045 1624 effossa.
1103 1562 1192 1623 Nunc
1216 1566 1322 1623 adser-

120 1657 125 1680 ¹
229 1675 316 1726 vatur
338 1667 369 1723 in
393 1683 500 1724 museo
516 1666 692 1724 BritannIco
706 1663 739 1739 ¹).
782 1667 862 1723 Alba
888 1667 1003 1724 vasculi
1023 1665 1198 1743 superficies
1214 1674 1323 1725 ornata

229 1776 278 1825 est
299 1767 401 1843 figuris
425 1768 538 1825 eodem
562 1767 688 1824 artificio
710 1767 808 1843 pictis,
833 1769 918 1843 quod
938 1768 969 1825 iu
989 1767 1116 1843 lecythis
1140 1769 1249 1826 Atticis
1269 1767 1322 1827 IV.

227 1869 455 1944 saec.·saepius
478 1869 657 1926 observatur
679 1878 874 1943 usurpatum:
908 1869 1009 1926 subtili
1032 1870 1172 1943 penicillo
1196 1877 1248 1926 aut
1271 1887 1322 1928 ca·

226 1971 306 2042 lamo
334 1971 469 2044 quodam
485 1970 648 2045 figurarum
661 1969 849 2027 lineamenta
864 1971 936 2027 illita
957 1978 1042 2038 sunt;
1065 1970 1182 2045 aliquot
1203 1978 1322 2028 tantum
1363 2037 1364 2042 η

225 2072 364 2147 imaginis
387 2070 555 2145 particulae
577 2072 663 2145 nigro
687 2078 740 2128 aut
772 2071 863 2128 rubro
898 2072 1012 2128 colore
1032 2073 1173 2147 expletae
1202 2070 1320 2148 suntl).

226 2175 309 2232 Inter
323 2173 403 2229 duos
422 2172 586 2246 margines,
609 2172 798 2248 superi0rem
813 2172 995 2240 MaeandrO,
1018 2171 1191 2231 inferiorem
1211 2174 1321 2231 crassis

226 2275 312 2332 lineis
333 2274 507 2342 formatum,
530 2275 667 2331 videmus
683 2274 803 2348 lectum,
830 2273 880 2348 qui
895 2274 1080 2348 palmaribus
1097 2275 1321 2350 linearibusque

227 2377 413 2434 ornamentis
446 2394 483 2433 ac
517 2375 653 2432 bestiolis
688 2375 873 2448 quibusdam
907 2376 949 2434 ita
987 2384 1033 2432 est
1068 2383 1249 2444 exornatus,
1288 2384 1323 2433 ut
1351 2447 1360 2456 .

231 2478 381 2552 pictorem
404 2476 589 2540 emblemata
612 2494 704 2533 aerea
733 2475 781 2532 vel
810 2493 923 2533 cornea
946 2476 1079 2534 voluisse
1100 2477 1214 2552 fingere
1238 2478 1322 2534 coui-

233 2579 303 2637 cius
339 2578 456 2635 Stratus
479 2584 527 2634 est
542 2578 638 2634 lectus
654 2577 809 2650 tapetibus
826 2565 921 2634 rubris
943 2610 985 2619 -
1006 2573 1175 2653 στρώμασι
1195 2595 1321 2653 πορφυ-

229 2674 403 2754 ροβάπτοις
435 2671 595 2756 (Meineke
618 2677 652 2737 F.
670 2675 703 2736 C.
720 2676 758 2736 G.
774 2676 812 2750 ll,
835 2696 863 2752 p.
880 2674 955 2750 686)
981 2709 1030 2764 -ῠ
1043 2679 1152 2753 quibus
1175 2680 1322 2754 superIm·

226 2781 319 2856 positi
342 2787 412 2837 sunt
445 2781 552 2836 dextra
582 2781 730 2854 laevaque
764 2779 828 2835 duo
859 2779 974 2853 pulvini
1005 2780 1079 2837 item
1108 2780 1204 2849 rubri;
1239 2780 1322 2838 iacet

213 2881 350 2954 insuper
370 2881 402 2937 in
434 2881 535 2937 stratis
566 2880 719 2937 flabellum
750 2876 803 2953 (cf.
828 2878 934 2937 Conzii
962 2880 1134 2956 vorlegebll.
1159 2900 1216 2941 ser.
1239 2880 1320 2950 VIII,

226 2983 289 3040 tab.
309 2980 338 3050 8,
365 2976 404 3055 1).
460 2980 557 3055 Supra
585 2982 699 3038 lectum
721 2980 864 3038 Dioscuri
894 2983 925 3037 in
946 2982 1038 3056 nigris
1062 2983 1149 3057 equis
1173 2982 1320 3039 sedentes

230 3083 422 3139 dextrorsum
444 3081 603 3139 vehuntur.
637 3080 821 3157 Chlamydes
836 3082 991 3141 fluitantes
1015 3091 1047 3139 et
1070 3083 1175 3140 chiton
1197 3083 1321 3140 alterius

226 3184 317 3241 rubro
342 3185 444 3241 colore
468 3183 612 3240 distincta
634 3192 713 3240 sunt.
759 3184 794 3241 In
817 3201 915 3241 vacuo
938 3186 1023 3259 quod
1046 3194 1095 3242 est
1116 3185 1195 3242 inter
1214 3192 1321 3260 postes

225 3286 296 3343 lecti
318 3286 419 3361 spatio
442 3284 550 3342 artifex
574 3284 751 3342 deliciarum
773 3303 897 3343 suarum
930 3303 1043 3343 nomen
1071 3287 1203 3344 notavit:
1240 3283 1320 3359 καλὴ

226 3382 313 3447 Μιυα
337 3382 404 3462 (pro
420 3379 531 3463 Μυῖα).
555 3417 595 3425 -
617 3386 816 3444 Manifestum
838 3396 885 3445 est
901 3386 989 3444 huius
1011 3388 1151 3463 imaginis
1172 3387 1322 3463 pictorem

226 3506 305 3556 eam,
341 3505 433 3563 quam
465 3488 571 3563 pinxit,
603 3489 819 3545 caerImoniam
851 3489 883 3545 iu
911 3489 1009 3564 patria
1032 3507 1088 3547 sua
1108 3489 1231 3557 vidisse,
1265 3489 1322 3547 sed

228 3588 352 3645 ubinam
387 3589 592 3647 Athenienses
633 3589 667 3647 id
704 3588 923 3647 lectisternium
959 3588 1087 3647 feceriut
1124 3590 1223 3647 evinci
1258 3608 1322 3647 non

225 3698 338 3765 potest.

333 3958 355 4019 Ι)
374 3958 491 4009 Newton
510 3958 705 4008 Transactions
722 3958 756 4025 os
773 3958 818 4007 tlte
831 3957 898 4023 Roy.
910 3972 963 4009 soc.
981 3958 1016 4023 os
1030 3960 1082 4010 litt.
1103 3958 1191 4008 ser.H
1209 3958 1263 4008 vol.
1278 3958 1321 4007 IX

226 4044 324 4113 (1860),
344 4063 369 4112 p.
382 4048 443 4109 436.
463 4046 583 4096 Friihner
597 4049 669 4096 deux
682 4049 828 4111 per'ntures
848 4047 879 4095 de
893 4061 971 4095 vases
985 4048 1079 4113 Grm,
1099 4062 1157 4096 curn
1176 4047 1230 4097 tab.
1249 4048 1321 4111 Hey·

226 4135 338 4183 demann
357 4135 433 4184 arch.
452 4142 505 4198 ztg.
527 4135 603 4198 1872,
624 4152 650 4201 p.
665 4145 697 4197 35
712 4150 751 4200 sq.

324 4219 353 4286 2)
372 4221 404 4269 In
423 4221 574 4270 universum
594 4222 627 4270 de
646 4217 696 4272 hac
714 4221 883 4272 vasculorum
902 4221 988 4271 classe
1007 4236 1091 4286 nuper
1109 4218 1234 4269 disseruit
1248 4219 1322 4269 Furt-

224 4307 344 4372 witngler
361 4311 437 4360 arch.
457 4316 510 4373 ztg.
532 4310 608 4369 1880,
627 4327 652 4376 p.
670 4321 718 4374 135
733 4325 772 4376 sq.
