<?xml version="1.0" encoding="UTF-8"?>
<!DOCTYPE html PUBLIC "-//W3C//DTD XHTML 1.0 Transitional//EN"
    "http://www.w3.org/TR/xhtml1/DTD/xhtml1-transitional.dtd">
<html xmlns="http://www.w3.org/1999/xhtml" xml:lang="en" lang="en">
 <head>
  <title>
</title>
<meta http-equiv="Content-Type" content="text/html;charset=utf-8" />
  <meta name='ocr-system' content='tesseract 3.04.00' />
  <meta name='ocr-capabilities' content='ocr_page ocr_carea ocr_par ocr_line ocrx_word'/>
</head>
<body>
  <div class='ocr_page' id='page_1' title='image "./detheoxeniisdis00denegoog_0009.png"; bbox 0 0 3234 5109; ppageno 0'>
   <div class='ocr_carea' id='block_1_1' title="bbox 1465 1383 1711 1461">
    <p class='ocr_par' dir='ltr' id='par_1_1' title="bbox 1465 1383 1711 1461">
     <span class='ocr_line' id='line_1_1' title="bbox 1465 1383 1711 1461; baseline 0 -19"><span class='ocrx_word' id='word_1_1' title='bbox 1465 1383 1618 1461; x_wconf 90' lang='lat' dir='ltr'>Cap.</span> <span class='ocrx_word' id='word_1_2' title='bbox 1664 1385 1711 1443; x_wconf 93' lang='grc' dir='ltr'>Ι.</span> 
     </span>
    </p>
   </div>
   <div class='ocr_carea' id='block_1_2' title="bbox 940 1538 2224 1614">
    <p class='ocr_par' dir='ltr' id='par_1_2' title="bbox 940 1538 2224 1614">
     <span class='ocr_line' id='line_1_2' title="bbox 940 1538 2224 1614; baseline 0 -9"><span class='ocrx_word' id='word_1_3' title='bbox 940 1543 1055 1605; x_wconf 89' lang='lat' dir='ltr'>De</span> <span class='ocrx_word' id='word_1_4' title='bbox 1101 1538 1584 1614; x_wconf 86' lang='lat' dir='ltr'>Theoxeniis</span> <span class='ocrx_word' id='word_1_5' title='bbox 1630 1538 2224 1605; x_wconf 85' lang='lat' dir='ltr'>Dioscurorum.</span> 
     </span>
    </p>
   </div>
   <div class='ocr_carea' id='block_1_3' title="bbox 458 1728 2687 3526">
    <p class='ocr_par' dir='ltr' id='par_1_3' title="bbox 458 1728 2685 2718">
     <span class='ocr_line' id='line_1_3' title="bbox 683 1728 2679 1807; baseline 0.001 -19"><span class='ocrx_word' id='word_1_6' title='bbox 683 1731 757 1790; x_wconf 92' lang='lat' dir='ltr'>A.</span> <span class='ocrx_word' id='word_1_7' title='bbox 803 1748 861 1788; x_wconf 90' lang='lat' dir='ltr'>u.</span> <span class='ocrx_word' id='word_1_8' title='bbox 908 1749 960 1789; x_wconf 88' lang='lat' dir='ltr'>e.</span> <span class='ocrx_word' id='word_1_9' title='bbox 1010 1728 1284 1788; x_wconf 91' lang='lat' dir='ltr'>CCCLV</span> <span class='ocrx_word' id='word_1_10' title='bbox 1329 1729 1593 1788; x_wconf 90' lang='lat' dir='ltr'>Romani</span> <span class='ocrx_word' id='word_1_11' title='bbox 1653 1730 1818 1787; x_wconf 90' lang='lat' dir='ltr'>libris</span> <span class='ocrx_word' id='word_1_12' title='bbox 1864 1729 2165 1805; x_wconf 88' lang='lat' dir='ltr'>Sibyllinis</span> <span class='ocrx_word' id='word_1_13' title='bbox 2220 1731 2517 1807; x_wconf 89' lang='lat' dir='ltr'>inspectis</span> <span class='ocrx_word' id='word_1_14' title='bbox 2560 1733 2679 1807; x_wconf 91' lang='lat' dir='ltr'>pri-</span> 
     </span>
     <span class='ocr_line' id='line_1_4' title="bbox 483 1826 2681 1907; baseline -0 -17"><span class='ocrx_word' id='word_1_15' title='bbox 483 1852 650 1890; x_wconf 91' lang='lat' dir='ltr'>mum</span> <span class='ocrx_word' id='word_1_16' title='bbox 695 1831 1068 1890; x_wconf 87' lang='lat' dir='ltr'>lectisternia</span> <span class='ocrx_word' id='word_1_17' title='bbox 1114 1832 1390 1889; x_wconf 88' lang='lat' dir='ltr'>fecerunt</span> <span class='ocrx_word' id='word_1_18' title='bbox 1433 1827 1589 1907; x_wconf 85' lang='lat' dir='ltr'>(Liv.</span> <span class='ocrx_word' id='word_1_19' title='bbox 1623 1831 1700 1900; x_wconf 91' lang='lat' dir='ltr'>V,</span> <span class='ocrx_word' id='word_1_20' title='bbox 1754 1848 1848 1905; x_wconf 82' lang='lat'>13,</span> <span class='ocrx_word' id='word_1_21' title='bbox 1880 1826 1947 1907; x_wconf 88' lang='lat'>6)</span> <span class='ocrx_word' id='word_1_22' title='bbox 1992 1832 2339 1906; x_wconf 90' lang='lat' dir='ltr'>eademque</span> <span class='ocrx_word' id='word_1_23' title='bbox 2387 1834 2681 1890; x_wconf 87' lang='lat' dir='ltr'>solemnia</span> 
     </span>
     <span class='ocr_line' id='line_1_5' title="bbox 483 1923 2682 2010; baseline -0 -18"><span class='ocrx_word' id='word_1_24' title='bbox 483 1934 745 2010; x_wconf 88' lang='lat' dir='ltr'>posthac</span> <span class='ocrx_word' id='word_1_25' title='bbox 784 1934 1025 2009; x_wconf 90' lang='lat' dir='ltr'>saepius</span> <span class='ocrx_word' id='word_1_26' title='bbox 1072 1923 1467 1991; x_wconf 81' lang='lat' dir='ltr'>celebrabant</span> <span class='ocrx_word' id='word_1_27' title='bbox 1511 1941 1575 1990; x_wconf 92' lang='lat' dir='ltr'>et</span> <span class='ocrx_word' id='word_1_28' title='bbox 1615 1950 1729 2008; x_wconf 94' lang='lat' dir='ltr'>pro</span> <span class='ocrx_word' id='word_1_29' title='bbox 1758 1932 2015 2007; x_wconf 86' lang='lat' dir='ltr'>piaculis</span> <span class='ocrx_word' id='word_1_30' title='bbox 2061 1934 2345 2007; x_wconf 90' lang='lat' dir='ltr'>quotiens</span> <span class='ocrx_word' id='word_1_31' title='bbox 2388 1934 2682 2009; x_wconf 87' lang='lat' dir='ltr'>prodigiis</span> 
     </span>
     <span class='ocr_line' id='line_1_6' title="bbox 484 2034 2685 2110; baseline 0 -19"><span class='ocrx_word' id='word_1_32' title='bbox 484 2035 968 2093; x_wconf 85' lang='lat' dir='ltr'>sollicitabantur</span> <span class='ocrx_word' id='word_1_33' title='bbox 1010 2043 1074 2091; x_wconf 92' lang='lat' dir='ltr'>et</span> <span class='ocrx_word' id='word_1_34' title='bbox 1118 2042 1432 2110; x_wconf 88' lang='lat' dir='ltr'>tamquam</span> <span class='ocrx_word' id='word_1_35' title='bbox 1476 2034 1637 2093; x_wconf 90' lang='lat' dir='ltr'>festa</span> <span class='ocrx_word' id='word_1_36' title='bbox 1668 2036 2080 2093; x_wconf 90' lang='lat' dir='ltr'>anniversaria</span> <span class='ocrx_word' id='word_1_37' title='bbox 2112 2044 2176 2094; x_wconf 91' lang='lat' dir='ltr'>et</span> <span class='ocrx_word' id='word_1_38' title='bbox 2204 2036 2479 2110; x_wconf 87' lang='lat' dir='ltr'>privatim</span> <span class='ocrx_word' id='word_1_39' title='bbox 2509 2035 2685 2109; x_wconf 90' lang='lat' dir='ltr'>quasi</span> 
     </span>
     <span class='ocr_line' id='line_1_7' title="bbox 487 2136 2685 2196; baseline -0 -3"><span class='ocrx_word' id='word_1_40' title='bbox 487 2154 726 2194; x_wconf 87' lang='lat' dir='ltr'>sacrum</span> <span class='ocrx_word' id='word_1_41' title='bbox 771 2137 1198 2196; x_wconf 85' lang='lat' dir='ltr'>domesticum.</span> <span class='ocrx_word' id='word_1_42' title='bbox 1285 2136 1673 2193; x_wconf 88' lang='lat' dir='ltr'>Lectisternii</span> <span class='ocrx_word' id='word_1_43' title='bbox 1717 2137 2088 2194; x_wconf 87' lang='lat' dir='ltr'>caerimonia</span> <span class='ocrx_word' id='word_1_44' title='bbox 2130 2136 2286 2194; x_wconf 89' lang='lat' dir='ltr'>haec</span> <span class='ocrx_word' id='word_1_45' title='bbox 2333 2136 2518 2193; x_wconf 87' lang='lat' dir='ltr'>fuisse</span> <span class='ocrx_word' id='word_1_46' title='bbox 2564 2144 2685 2192; x_wconf 91' lang='lat' dir='ltr'>tra-</span> 
     </span>
     <span class='ocr_line' id='line_1_8' title="bbox 458 2215 2683 2313; baseline -0.001 -19"><span class='ocrx_word' id='word_1_47' title='bbox 458 2215 673 2303; x_wconf 34' lang='lat' dir='ltr'>&#39;diturz</span> <span class='ocrx_word' id='word_1_48' title='bbox 749 2238 832 2294; x_wconf 91' lang='lat' dir='ltr'>ad</span> <span class='ocrx_word' id='word_1_49' title='bbox 893 2236 1120 2293; x_wconf 90' lang='lat' dir='ltr'>lectum</span> <span class='ocrx_word' id='word_1_50' title='bbox 1172 2237 1483 2313; x_wconf 86' lang='lat' dir='ltr'>tapetibus</span> <span class='ocrx_word' id='word_1_51' title='bbox 1537 2237 1923 2313; x_wconf 90' lang='lat' dir='ltr'>pulvinisque</span> <span class='ocrx_word' id='word_1_52' title='bbox 1995 2245 2357 2294; x_wconf 85' lang='lat' dir='ltr'>exornatum</span> <span class='ocrx_word' id='word_1_53' title='bbox 2405 2254 2683 2293; x_wconf 89' lang='lat' dir='ltr'>mensam</span> 
     </span>
     <span class='ocr_line' id='line_1_9' title="bbox 487 2337 2685 2414; baseline -0 -20"><span class='ocrx_word' id='word_1_54' title='bbox 487 2337 884 2414; x_wconf 88' lang='lat' dir='ltr'>apponebant</span> <span class='ocrx_word' id='word_1_55' title='bbox 944 2337 1094 2395; x_wconf 89' lang='lat' dir='ltr'>cibis</span> <span class='ocrx_word' id='word_1_56' title='bbox 1149 2338 1534 2410; x_wconf 87' lang='lat' dir='ltr'>instructam,</span> <span class='ocrx_word' id='word_1_57' title='bbox 1593 2346 1725 2395; x_wconf 89' lang='lat' dir='ltr'>tum</span> <span class='ocrx_word' id='word_1_58' title='bbox 1785 2338 1849 2395; x_wconf 91' lang='lat' dir='ltr'>in</span> <span class='ocrx_word' id='word_1_59' title='bbox 1907 2338 2068 2395; x_wconf 90' lang='lat' dir='ltr'>lecto</span> <span class='ocrx_word' id='word_1_60' title='bbox 2132 2337 2517 2394; x_wconf 90' lang='lat' dir='ltr'>collocabant</span> <span class='ocrx_word' id='word_1_61' title='bbox 2578 2344 2685 2394; x_wconf 87' lang='lat' dir='ltr'>aut</span> 
     </span>
     <span class='ocr_line' id='line_1_10' title="bbox 483 2432 2684 2515; baseline 0 -19"><span class='ocrx_word' id='word_1_62' title='bbox 483 2439 843 2497; x_wconf 88' lang='lat' dir='ltr'>fasciculum</span> <span class='ocrx_word' id='word_1_63' title='bbox 910 2457 1281 2496; x_wconf 91' lang='lat' dir='ltr'>coronamve</span> <span class='ocrx_word' id='word_1_64' title='bbox 1340 2456 1416 2495; x_wconf 88' lang='lat' dir='ltr'>ex</span> <span class='ocrx_word' id='word_1_65' title='bbox 1479 2439 1758 2496; x_wconf 89' lang='lat' dir='ltr'>verbenis</span> <span class='ocrx_word' id='word_1_66' title='bbox 1804 2437 2033 2496; x_wconf 88' lang='lat' dir='ltr'>factam</span> <span class='ocrx_word' id='word_1_67' title='bbox 2088 2432 2539 2515; x_wconf 84' lang='lat' dir='ltr'>(‘stroppum&#39;;</span> <span class='ocrx_word' id='word_1_68' title='bbox 2608 2439 2684 2497; x_wconf 89' lang='lat' dir='ltr'>cf.</span> 
     </span>
     <span class='ocr_line' id='line_1_11' title="bbox 483 2534 2684 2616; baseline -0 -19"><span class='ocrx_word' id='word_1_69' title='bbox 483 2542 736 2598; x_wconf 87' lang='lat' dir='ltr'>Festum</span> <span class='ocrx_word' id='word_1_70' title='bbox 791 2559 849 2616; x_wconf 92' lang='lat' dir='ltr'>p.</span> <span class='ocrx_word' id='word_1_71' title='bbox 882 2554 1033 2613; x_wconf 82' lang='lat'>313;</span> <span class='ocrx_word' id='word_1_72' title='bbox 1082 2535 1232 2616; x_wconf 83' lang='lat'><strong>346)</strong></span> <span class='ocrx_word' id='word_1_73' title='bbox 1301 2549 1408 2597; x_wconf 88' lang='lat' dir='ltr'>aut</span> <span class='ocrx_word' id='word_1_74' title='bbox 1466 2541 1570 2597; x_wconf 90' lang='lat' dir='ltr'>dei</span> <span class='ocrx_word' id='word_1_75' title='bbox 1623 2534 1895 2615; x_wconf 83' lang='lat' dir='ltr'>‘caput&#39;‚</span> <span class='ocrx_word' id='word_1_76' title='bbox 1962 2539 2133 2614; x_wconf 88' lang='lat' dir='ltr'>quod</span> <span class='ocrx_word' id='word_1_77' title='bbox 2202 2540 2389 2597; x_wconf 88' lang='lat' dir='ltr'>fuisse</span> <span class='ocrx_word' id='word_1_78' title='bbox 2443 2540 2684 2597; x_wconf 88' lang='lat' dir='ltr'>videtur</span> 
     </span>
     <span class='ocr_line' id='line_1_12' title="bbox 483 2636 2105 2718; baseline 0 -20"><span class='ocrx_word' id='word_1_79' title='bbox 483 2636 750 2717; x_wconf 81' lang='lat' dir='ltr'>persona</span> <span class='ocrx_word' id='word_1_80' title='bbox 797 2658 995 2710; x_wconf 90' lang='lat' dir='ltr'>cerea,</span> <span class='ocrx_word' id='word_1_81' title='bbox 1044 2642 1142 2698; x_wconf 91' lang='lat' dir='ltr'>cui</span> <span class='ocrx_word' id='word_1_82' title='bbox 1186 2641 1551 2699; x_wconf 89' lang='lat' dir='ltr'>vestimenta</span> <span class='ocrx_word' id='word_1_83' title='bbox 1593 2640 1802 2699; x_wconf 89' lang='lat' dir='ltr'>adfixa</span> <span class='ocrx_word' id='word_1_84' title='bbox 1845 2648 2019 2697; x_wconf 88' lang='lat' dir='ltr'>erant</span> <span class='ocrx_word' id='word_1_85' title='bbox 2042 2636 2105 2718; x_wconf 89' lang='lat'>¹).</span> 
     </span>
    </p>

    <p class='ocr_par' dir='ltr' id='par_1_4' title="bbox 464 2741 2687 3526">
     <span class='ocr_line' id='line_1_13' title="bbox 686 2741 2683 2818; baseline -0.001 -17"><span class='ocrx_word' id='word_1_86' title='bbox 686 2741 869 2801; x_wconf 89' lang='lat' dir='ltr'>Hunc</span> <span class='ocrx_word' id='word_1_87' title='bbox 913 2743 1094 2801; x_wconf 91' lang='lat' dir='ltr'>ritum</span> <span class='ocrx_word' id='word_1_88' title='bbox 1138 2762 1264 2800; x_wconf 90' lang='lat' dir='ltr'>non</span> <span class='ocrx_word' id='word_1_89' title='bbox 1296 2761 1371 2799; x_wconf 86' lang='lat' dir='ltr'>ex</span> <span class='ocrx_word' id='word_1_90' title='bbox 1402 2744 1652 2818; x_wconf 88' lang='lat' dir='ltr'>ingenio</span> <span class='ocrx_word' id='word_1_91' title='bbox 1684 2743 2107 2800; x_wconf 90' lang='lat' dir='ltr'>Romanorum</span> <span class='ocrx_word' id='word_1_92' title='bbox 2138 2743 2252 2799; x_wconf 89' lang='lat' dir='ltr'>sed</span> <span class='ocrx_word' id='word_1_93' title='bbox 2283 2761 2357 2799; x_wconf 87' lang='lat' dir='ltr'>ex</span> <span class='ocrx_word' id='word_1_94' title='bbox 2387 2743 2683 2817; x_wconf 90' lang='lat' dir='ltr'>religione</span> 
     </span>
     <span class='ocr_line' id='line_1_14' title="bbox 490 2844 2686 2919; baseline -0.001 -17"><span class='ocrx_word' id='word_1_95' title='bbox 490 2844 731 2902; x_wconf 91' lang='lat' dir='ltr'>Graeca</span> <span class='ocrx_word' id='word_1_96' title='bbox 765 2853 966 2901; x_wconf 90' lang='lat' dir='ltr'>ortum</span> <span class='ocrx_word' id='word_1_97' title='bbox 999 2862 1137 2901; x_wconf 91' lang='lat' dir='ltr'>esse</span> <span class='ocrx_word' id='word_1_98' title='bbox 1172 2845 1293 2901; x_wconf 90' lang='lat' dir='ltr'>iam</span> <span class='ocrx_word' id='word_1_99' title='bbox 1325 2845 1562 2901; x_wconf 90' lang='lat' dir='ltr'>dudum</span> <span class='ocrx_word' id='word_1_100' title='bbox 1596 2844 2028 2901; x_wconf 86' lang='lat' dir='ltr'>intellexerunt</span> <span class='ocrx_word' id='word_1_101' title='bbox 2060 2845 2167 2901; x_wconf 90' lang='lat' dir='ltr'>viri</span> <span class='ocrx_word' id='word_1_102' title='bbox 2213 2845 2401 2903; x_wconf 88' lang='lat' dir='ltr'>docti.</span> <span class='ocrx_word' id='word_1_103' title='bbox 2461 2844 2514 2901; x_wconf 91' lang='lat' dir='ltr'>E</span> <span class='ocrx_word' id='word_1_104' title='bbox 2555 2846 2686 2919; x_wconf 91' lang='lat' dir='ltr'>qui-</span> 
     </span>
     <span class='ocr_line' id='line_1_15' title="bbox 485 2940 2685 3021; baseline 0.001 -19"><span class='ocrx_word' id='word_1_105' title='bbox 485 2945 600 3002; x_wconf 89' lang='lat' dir='ltr'>bus</span> <span class='ocrx_word' id='word_1_106' title='bbox 627 2944 991 3002; x_wconf 89' lang='lat' dir='ltr'>Henricus</span> <span class='ocrx_word' id='word_1_107' title='bbox 1023 2945 1364 3017; x_wconf 84' lang='lat' dir='ltr'>Klausen</span> <span class='ocrx_word' id='word_1_108' title='bbox 1394 2940 1652 3021; x_wconf 83' lang='lat' dir='ltr'>(Aeneas</span> <span class='ocrx_word' id='word_1_109' title='bbox 1681 2946 1811 3003; x_wconf 84' lang='lat' dir='ltr'>und</span> <span class='ocrx_word' id='word_1_110' title='bbox 1835 2946 1927 3001; x_wconf 84' lang='lat' dir='ltr'>die</span> <span class='ocrx_word' id='word_1_111' title='bbox 1953 2944 2207 3002; x_wconf 84' lang='lat' dir='ltr'>Penaten</span> <span class='ocrx_word' id='word_1_112' title='bbox 2236 2946 2284 3014; x_wconf 94' lang='grc' dir='ltr'>Ι,</span> <span class='ocrx_word' id='word_1_113' title='bbox 2314 2964 2375 3021; x_wconf 92' lang='lat' dir='ltr'>p.</span> <span class='ocrx_word' id='word_1_114' title='bbox 2405 2960 2521 3002; x_wconf 89' lang='lat'>212</span> <span class='ocrx_word' id='word_1_115' title='bbox 2552 2962 2685 3020; x_wconf 92' lang='lat' dir='ltr'>sqq.</span> 
     </span>
     <span class='ocr_line' id='line_1_16' title="bbox 464 3039 2686 3122; baseline 0.001 -20"><span class='ocrx_word' id='word_1_116' title='bbox 464 3039 610 3119; x_wconf 76' lang='lat'>&#39;258</span> <span class='ocrx_word' id='word_1_117' title='bbox 643 3041 756 3122; x_wconf 91' lang='lat' dir='ltr'>sq.)</span> <span class='ocrx_word' id='word_1_118' title='bbox 788 3044 1299 3103; x_wconf 88' lang='lat' dir='ltr'>lectisterniorum</span> <span class='ocrx_word' id='word_1_119' title='bbox 1324 3046 1619 3120; x_wconf 89' lang='lat' dir='ltr'>originem</span> <span class='ocrx_word' id='word_1_120' title='bbox 1650 3064 1725 3102; x_wconf 85' lang='lat' dir='ltr'>ex</span> <span class='ocrx_word' id='word_1_121' title='bbox 1756 3046 1923 3104; x_wconf 88' lang='lat' dir='ltr'>cultu</span> <span class='ocrx_word' id='word_1_122' title='bbox 1955 3046 2255 3122; x_wconf 92' lang='lat' dir='ltr'>Apollinis</span> <span class='ocrx_word' id='word_1_123' title='bbox 2282 3048 2686 3122; x_wconf 87' lang='lat' dir='ltr'>repetendam</span> 
     </span>
     <span class='ocr_line' id='line_1_17' title="bbox 485 3145 2687 3221; baseline 0.001 -19"><span class='ocrx_word' id='word_1_124' title='bbox 485 3163 626 3203; x_wconf 89' lang='lat' dir='ltr'>esse</span> <span class='ocrx_word' id='word_1_125' title='bbox 672 3145 946 3203; x_wconf 89' lang='lat' dir='ltr'>ostendit</span> <span class='ocrx_word' id='word_1_126' title='bbox 984 3152 1173 3220; x_wconf 88' lang='lat' dir='ltr'>atque</span> <span class='ocrx_word' id='word_1_127' title='bbox 1226 3146 1472 3203; x_wconf 87' lang='lat' dir='ltr'>ulterius</span> <span class='ocrx_word' id='word_1_128' title='bbox 1514 3164 1876 3221; x_wconf 87' lang='lat' dir='ltr'>progressus</span> <span class='ocrx_word' id='word_1_129' title='bbox 1918 3146 2356 3204; x_wconf 90' lang='lat' dir='ltr'>Ludovicus</span> <span class='ocrx_word' id='word_1_130' title='bbox 2407 3147 2687 3204; x_wconf 89' lang='lat' dir='ltr'>Preller</span> 
     </span>
     <span class='ocr_line' id='line_1_18' title="bbox 484 3242 2687 3322; baseline 0.001 -20"><span class='ocrx_word' id='word_1_131' title='bbox 484 3245 653 3319; x_wconf 73' lang='lat' dir='ltr'>(rb&#39;m.</span> <span class='ocrx_word' id='word_1_132' title='bbox 698 3244 923 3311; x_wconf 69' lang='lat' dir='ltr'>mythol.</span> <span class='ocrx_word' id='word_1_133' title='bbox 969 3264 1029 3321; x_wconf 91' lang='lat' dir='ltr'>p.</span> <span class='ocrx_word' id='word_1_134' title='bbox 1070 3260 1211 3319; x_wconf 83' lang='lat'>134;</span> <span class='ocrx_word' id='word_1_135' title='bbox 1256 3264 1317 3321; x_wconf 92' lang='lat' dir='ltr'>p.</span> <span class='ocrx_word' id='word_1_136' title='bbox 1354 3242 1499 3321; x_wconf 81' lang='lat'>269)</span> <span class='ocrx_word' id='word_1_137' title='bbox 1541 3249 1779 3305; x_wconf 88' lang='lat' dir='ltr'>monuit</span> <span class='ocrx_word' id='word_1_138' title='bbox 1830 3265 1905 3305; x_wconf 87' lang='lat' dir='ltr'>ea</span> <span class='ocrx_word' id='word_1_139' title='bbox 1948 3247 2341 3316; x_wconf 88' lang='lat' dir='ltr'>lectisternia,</span> <span class='ocrx_word' id='word_1_140' title='bbox 2415 3265 2573 3322; x_wconf 89' lang='lat' dir='ltr'>quae</span> <span class='ocrx_word' id='word_1_141' title='bbox 2618 3248 2687 3304; x_wconf 93' lang='lat' dir='ltr'>li-</span> 
     </span>
     <span class='ocr_line' id='line_1_19' title="bbox 483 3346 2686 3422; baseline 0 -18"><span class='ocrx_word' id='word_1_142' title='bbox 483 3348 730 3404; x_wconf 93' lang='lat' dir='ltr'>brorum</span> <span class='ocrx_word' id='word_1_143' title='bbox 774 3346 941 3403; x_wconf 90' lang='lat' dir='ltr'>iussu</span> <span class='ocrx_word' id='word_1_144' title='bbox 991 3354 1200 3403; x_wconf 88' lang='lat' dir='ltr'>essent</span> <span class='ocrx_word' id='word_1_145' title='bbox 1242 3346 1538 3417; x_wconf 89' lang='lat' dir='ltr'>instituta,</span> <span class='ocrx_word' id='word_1_146' title='bbox 1587 3366 1728 3405; x_wconf 92' lang='lat' dir='ltr'>cum</span> <span class='ocrx_word' id='word_1_147' title='bbox 1767 3348 2143 3406; x_wconf 86' lang='lat' dir='ltr'>Theoxeniis</span> <span class='ocrx_word' id='word_1_148' title='bbox 2188 3348 2487 3422; x_wconf 88' lang='lat' dir='ltr'>Apollinis</span> <span class='ocrx_word' id='word_1_149' title='bbox 2538 3347 2686 3405; x_wconf 90' lang='lat' dir='ltr'>Del·</span> 
     </span>
     <span class='ocr_line' id='line_1_20' title="bbox 483 3446 2680 3526; baseline 0.002 -22"><span class='ocrx_word' id='word_1_150' title='bbox 483 3448 675 3523; x_wconf 90' lang='lat' dir='ltr'>phicis</span> <span class='ocrx_word' id='word_1_151' title='bbox 720 3448 1036 3523; x_wconf 89' lang='lat' dir='ltr'>aptissime</span> <span class='ocrx_word' id='word_1_152' title='bbox 1080 3448 1341 3506; x_wconf 89' lang='lat' dir='ltr'>conferri</span> <span class='ocrx_word' id='word_1_153' title='bbox 1390 3467 1578 3524; x_wconf 90' lang='lat' dir='ltr'>posse</span> <span class='ocrx_word' id='word_1_154' title='bbox 1600 3446 1677 3526; x_wconf 81' lang='lat'>2).</span> <span class='ocrx_word' id='word_1_155' title='bbox 1779 3450 1906 3509; x_wconf 91' lang='lat' dir='ltr'>Sed</span> <span class='ocrx_word' id='word_1_156' title='bbox 1952 3469 2028 3507; x_wconf 86' lang='lat' dir='ltr'>ex</span> <span class='ocrx_word' id='word_1_157' title='bbox 2075 3459 2369 3525; x_wconf 89' lang='lat' dir='ltr'>tempore,</span> <span class='ocrx_word' id='word_1_158' title='bbox 2439 3468 2560 3526; x_wconf 93' lang='lat' dir='ltr'>quo</span> <span class='ocrx_word' id='word_1_159' title='bbox 2599 3452 2680 3509; x_wconf 91' lang='lat' dir='ltr'>illi</span> 
     </span>
    </p>
   </div>
   <div class='ocr_carea' id='block_1_4' title="bbox 491 3598 886 3607">
    <p class='ocr_par' dir='ltr' id='par_1_5' title="bbox 491 3598 886 3607">
     <span class='ocr_line' id='line_1_21' title="bbox 491 3598 886 3607; baseline 0 1502"><span class='ocrx_word' id='word_1_160' title='bbox 491 3598 886 3607; x_wconf 95' lang='lat' dir='ltr'> </span> 
     </span>
    </p>
   </div>
   <div class='ocr_carea' id='block_1_5' title="bbox 484 3688 2690 4382">
    <p class='ocr_par' dir='ltr' id='par_1_6' title="bbox 484 3688 2690 4114">
     <span class='ocr_line' id='line_1_22' title="bbox 690 3688 2687 3759; baseline 0.003 -19"><span class='ocrx_word' id='word_1_161' title='bbox 690 3688 741 3757; x_wconf 91' lang='lat'>1)</span> <span class='ocrx_word' id='word_1_162' title='bbox 779 3690 896 3743; x_wconf 86' lang='lat' dir='ltr'>Liv.</span> <span class='ocrx_word' id='word_1_163' title='bbox 937 3692 1059 3751; x_wconf 89' lang='lat' dir='ltr'>XL,</span> <span class='ocrx_word' id='word_1_164' title='bbox 1103 3703 1186 3758; x_wconf 82' lang='lat'>59,</span> <span class='ocrx_word' id='word_1_165' title='bbox 1227 3704 1286 3757; x_wconf 79' lang='lat'>73</span> <span class='ocrx_word' id='word_1_166' title='bbox 1338 3692 1403 3745; x_wconf 88' lang='lat' dir='ltr'>cf.</span> <span class='ocrx_word' id='word_1_167' title='bbox 1442 3693 1661 3743; x_wconf 87' lang='lat' dir='ltr'>Festum</span> <span class='ocrx_word' id='word_1_168' title='bbox 1696 3709 1749 3759; x_wconf 95' lang='lat' dir='ltr'>p.</span> <span class='ocrx_word' id='word_1_169' title='bbox 1772 3694 1902 3757; x_wconf 88' lang='lat'><strong>364:</strong></span> <span class='ocrx_word' id='word_1_170' title='bbox 1966 3692 2198 3743; x_wconf 87' lang='lat' dir='ltr'>‘tensam</span> <span class='ocrx_word' id='word_1_171' title='bbox 2248 3693 2321 3742; x_wconf 87' lang='lat' dir='ltr'>ait</span> <span class='ocrx_word' id='word_1_172' title='bbox 2356 3696 2535 3745; x_wconf 82' lang='lat' dir='ltr'>vocari</span> <span class='ocrx_word' id='word_1_173' title='bbox 2573 3695 2687 3745; x_wconf 89' lang='lat' dir='ltr'>Sin-</span> 
     </span>
     <span class='ocr_line' id='line_1_23' title="bbox 484 3778 2683 3845; baseline 0.001 -15"><span class='ocrx_word' id='word_1_174' title='bbox 484 3778 606 3830; x_wconf 87' lang='lat' dir='ltr'>nius</span> <span class='ocrx_word' id='word_1_175' title='bbox 645 3778 832 3845; x_wconf 91' lang='lat' dir='ltr'>Capito</span> <span class='ocrx_word' id='word_1_176' title='bbox 869 3779 1186 3843; x_wconf 87' lang='lat' dir='ltr'>vehiculum,</span> <span class='ocrx_word' id='word_1_177' title='bbox 1227 3796 1333 3845; x_wconf 91' lang='lat' dir='ltr'>quo</span> <span class='ocrx_word' id='word_1_178' title='bbox 1373 3781 1659 3830; x_wconf 84' lang='lat' dir='ltr'>exuviae</span> <span class='ocrx_word' id='word_1_179' title='bbox 1699 3781 1774 3831; x_wconf 86' lang='lat' dir='ltr'>de</span> <span class='ocrx_word' id='word_1_180' title='bbox 1792 3798 1969 3832; x_wconf 88' lang='lat' dir='ltr'>orum</span> <span class='ocrx_word' id='word_1_181' title='bbox 2003 3782 2224 3833; x_wconf 87' lang='lat' dir='ltr'>ludicris</span> <span class='ocrx_word' id='word_1_182' title='bbox 2251 3782 2593 3834; x_wconf 89' lang='lat' dir='ltr'>Circensibus</span> <span class='ocrx_word' id='word_1_183' title='bbox 2628 3785 2683 3833; x_wconf 88' lang='lat' dir='ltr'>in</span> 
     </span>
     <span class='ocr_line' id='line_1_24' title="bbox 485 3872 2686 3939; baseline 0 -17"><span class='ocrx_word' id='word_1_184' title='bbox 485 3872 693 3923; x_wconf 89' lang='lat' dir='ltr'>Circum</span> <span class='ocrx_word' id='word_1_185' title='bbox 730 3872 797 3921; x_wconf 92' lang='lat' dir='ltr'>ad</span> <span class='ocrx_word' id='word_1_186' title='bbox 834 3872 1079 3939; x_wconf 88' lang='lat' dir='ltr'>pulvinar</span> <span class='ocrx_word' id='word_1_187' title='bbox 1119 3872 1424 3923; x_wconf 82' lang='lat' dir='ltr'>vehuntur&#39;.</span> <span class='ocrx_word' id='word_1_188' title='bbox 1507 3872 1713 3923; x_wconf 86' lang='lat' dir='ltr'>Preller</span> <span class='ocrx_word' id='word_1_189' title='bbox 1750 3872 1788 3923; x_wconf 90' lang='lat'>1.</span> <span class='ocrx_word' id='word_1_190' title='bbox 1827 3888 1870 3925; x_wconf 91' lang='lat' dir='ltr'>c.</span> <span class='ocrx_word' id='word_1_191' title='bbox 1909 3890 1962 3939; x_wconf 91' lang='lat' dir='ltr'>p.</span> <span class='ocrx_word' id='word_1_192' title='bbox 2004 3886 2118 3936; x_wconf 93' lang='lat'>133.</span> <span class='ocrx_word' id='word_1_193' title='bbox 2194 3873 2467 3924; x_wconf 68' lang='lat' dir='ltr'>Botticher</span> <span class='ocrx_word' id='word_1_194' title='bbox 2504 3876 2686 3923; x_wconf 81' lang='lat' dir='ltr'>baum-</span> 
     </span>
     <span class='ocr_line' id='line_1_25' title="bbox 486 3960 2690 4027; baseline -0 -15"><span class='ocrx_word' id='word_1_195' title='bbox 486 3963 672 4012; x_wconf 76' lang='lat' dir='ltr'>kultus</span> <span class='ocrx_word' id='word_1_196' title='bbox 690 3978 742 4027; x_wconf 93' lang='lat' dir='ltr'>p.</span> <span class='ocrx_word' id='word_1_197' title='bbox 764 3973 885 4025; x_wconf 85' lang='lat'>223.</span> <span class='ocrx_word' id='word_1_198' title='bbox 913 3989 979 3997; x_wconf 94' lang='lat'>—</span> <span class='ocrx_word' id='word_1_199' title='bbox 1010 3963 1233 4011; x_wconf 86' lang='lat' dir='ltr'>Exstant</span> <span class='ocrx_word' id='word_1_200' title='bbox 1257 3962 1392 4011; x_wconf 87' lang='lat' dir='ltr'>duae</span> <span class='ocrx_word' id='word_1_201' title='bbox 1412 3961 1659 4011; x_wconf 88' lang='lat' dir='ltr'>lucernae</span> <span class='ocrx_word' id='word_1_202' title='bbox 1686 3960 1896 4027; x_wconf 88' lang='lat' dir='ltr'>fictiles,</span> <span class='ocrx_word' id='word_1_203' title='bbox 1929 3976 2066 4027; x_wconf 88' lang='lat' dir='ltr'>quae</span> <span class='ocrx_word' id='word_1_204' title='bbox 2091 3962 2420 4012; x_wconf 87' lang='lat' dir='ltr'>lectisternia</span> <span class='ocrx_word' id='word_1_205' title='bbox 2443 3964 2690 4011; x_wconf 85' lang='lat' dir='ltr'>Romana</span> 
     </span>
     <span class='ocr_line' id='line_1_26' title="bbox 487 4049 2687 4114; baseline 0.001 -15"><span class='ocrx_word' id='word_1_206' title='bbox 487 4049 762 4100; x_wconf 85' lang='lat' dir='ltr'>exhibent:</span> <span class='ocrx_word' id='word_1_207' title='bbox 803 4050 1150 4101; x_wconf 88' lang='lat' dir='ltr'>Montfaucon</span> <span class='ocrx_word' id='word_1_208' title='bbox 1189 4057 1303 4102; x_wconf 82' lang='lat' dir='ltr'>ant.</span> <span class='ocrx_word' id='word_1_209' title='bbox 1343 4052 1485 4114; x_wconf 79' lang='lat' dir='ltr'>expl.</span> <span class='ocrx_word' id='word_1_210' title='bbox 1524 4051 1592 4109; x_wconf 92' lang='lat' dir='ltr'>V,</span> <span class='ocrx_word' id='word_1_211' title='bbox 1634 4062 1681 4109; x_wconf 88' lang='lat'>2,</span> <span class='ocrx_word' id='word_1_212' title='bbox 1721 4050 1829 4101; x_wconf 88' lang='lat' dir='ltr'>tab.</span> <span class='ocrx_word' id='word_1_213' title='bbox 1875 4050 1971 4109; x_wconf 86' lang='lat'>169</span> <span class='ocrx_word' id='word_1_214' title='bbox 2013 4057 2064 4100; x_wconf 88' lang='lat' dir='ltr'>et</span> <span class='ocrx_word' id='word_1_215' title='bbox 2100 4050 2308 4101; x_wconf 88' lang='lat' dir='ltr'>Bartoli</span> <span class='ocrx_word' id='word_1_216' title='bbox 2344 4051 2449 4100; x_wconf 90' lang='lat' dir='ltr'>luc.</span> <span class='ocrx_word' id='word_1_217' title='bbox 2486 4050 2560 4109; x_wconf 89' lang='lat'>11,</span> <span class='ocrx_word' id='word_1_218' title='bbox 2601 4061 2687 4113; x_wconf 85' lang='lat'>34.</span> 
     </span>
    </p>

    <p class='ocr_par' dir='ltr' id='par_1_7' title="bbox 484 4135 2690 4382">
     <span class='ocr_line' id='line_1_27' title="bbox 686 4135 2690 4203; baseline 0.001 -17"><span class='ocrx_word' id='word_1_219' title='bbox 686 4135 742 4200; x_wconf 87' lang='lat'>2)</span> <span class='ocrx_word' id='word_1_220' title='bbox 780 4137 990 4203; x_wconf 83' lang='lat' dir='ltr'>Quodsi</span> <span class='ocrx_word' id='word_1_221' title='bbox 1026 4155 1075 4187; x_wconf 82' lang='lat' dir='ltr'>v.</span> <span class='ocrx_word' id='word_1_222' title='bbox 1119 4138 1170 4187; x_wconf 90' lang='lat' dir='ltr'>d.</span> <span class='ocrx_word' id='word_1_223' title='bbox 1213 4138 1477 4187; x_wconf 87' lang='lat' dir='ltr'>existimat</span> <span class='ocrx_word' id='word_1_224' title='bbox 1516 4138 1674 4187; x_wconf 86' lang='lat' dir='ltr'>etiarn</span> <span class='ocrx_word' id='word_1_225' title='bbox 1710 4137 1917 4203; x_wconf 88' lang='lat' dir='ltr'>priscos</span> <span class='ocrx_word' id='word_1_226' title='bbox 1968 4138 2137 4187; x_wconf 88' lang='lat' dir='ltr'>Italos</span> <span class='ocrx_word' id='word_1_227' title='bbox 2193 4138 2309 4187; x_wconf 89' lang='lat' dir='ltr'>deis</span> <span class='ocrx_word' id='word_1_228' title='bbox 2349 4139 2520 4188; x_wconf 89' lang='lat' dir='ltr'>lectos</span> <span class='ocrx_word' id='word_1_229' title='bbox 2562 4144 2690 4188; x_wconf 89' lang='lat' dir='ltr'>ster·</span> 
     </span>
     <span class='ocr_line' id='line_1_28' title="bbox 485 4226 2690 4293; baseline 0 -18"><span class='ocrx_word' id='word_1_230' title='bbox 485 4239 613 4275; x_wconf 88' lang='lat' dir='ltr'>nere</span> <span class='ocrx_word' id='word_1_231' title='bbox 664 4232 716 4275; x_wconf 91' lang='lat' dir='ltr'>et</span> <span class='ocrx_word' id='word_1_232' title='bbox 761 4241 970 4275; x_wconf 86' lang='lat' dir='ltr'>mensas</span> <span class='ocrx_word' id='word_1_233' title='bbox 1019 4241 1221 4291; x_wconf 86' lang='lat' dir='ltr'>ponere</span> <span class='ocrx_word' id='word_1_234' title='bbox 1269 4227 1631 4286; x_wconf 86' lang='lat' dir='ltr'>consuevisse,</span> <span class='ocrx_word' id='word_1_235' title='bbox 1687 4227 1817 4276; x_wconf 90' lang='lat' dir='ltr'>mihi</span> <span class='ocrx_word' id='word_1_236' title='bbox 1865 4227 2084 4293; x_wconf 89' lang='lat' dir='ltr'>quidem</span> <span class='ocrx_word' id='word_1_237' title='bbox 2120 4227 2440 4286; x_wconf 86' lang='lat' dir='ltr'>testimonia,</span> <span class='ocrx_word' id='word_1_238' title='bbox 2497 4226 2690 4292; x_wconf 81' lang='lat' dir='ltr'>quibus</span> 
     </span>
     <span class='ocr_line' id='line_1_29' title="bbox 484 4314 2166 4382; baseline 0.002 -19"><span class='ocrx_word' id='word_1_239' title='bbox 484 4314 683 4374; x_wconf 87' lang='lat' dir='ltr'>nititur,</span> <span class='ocrx_word' id='word_1_240' title='bbox 723 4315 790 4364; x_wconf 93' lang='lat' dir='ltr'>ad</span> <span class='ocrx_word' id='word_1_241' title='bbox 826 4314 1255 4382; x_wconf 86' lang='lat' dir='ltr'>persuadendum</span> <span class='ocrx_word' id='word_1_242' title='bbox 1289 4330 1473 4381; x_wconf 88' lang='lat' dir='ltr'>parum</span> <span class='ocrx_word' id='word_1_243' title='bbox 1511 4314 1709 4364; x_wconf 87' lang='lat' dir='ltr'>idonea</span> <span class='ocrx_word' id='word_1_244' title='bbox 1750 4330 1869 4365; x_wconf 90' lang='lat' dir='ltr'>esse</span> <span class='ocrx_word' id='word_1_245' title='bbox 1907 4315 2166 4367; x_wconf 88' lang='lat' dir='ltr'>videntur.</span> 
     </span>
    </p>
   </div>
   <div class='ocr_carea' id='block_1_6' title="bbox 19 4412 2001 5093">
    <p class='ocr_par' dir='ltr' id='par_1_8' title="bbox 19 4412 2001 5093">
     <span class='ocr_line' id='line_1_30' title="bbox 19 4412 2001 5093; baseline 0 16"><span class='ocrx_word' id='word_1_246' title='bbox 19 4412 2001 5093; x_wconf 95' lang='lat' dir='ltr'> </span> 
     </span>
    </p>
   </div>
  </div>
 </body>
</html>
