3234 5109
1624 393 1692 445 27

567 558 744 619 ξαιτο
787 552 903 616 τὸν
945 549 1279 630 Ἡρακλέα,
1325 549 1615 627 γεγονὼς
1660 547 1859 625 αὐτὸς
1904 547 1975 611 ἐκ
2017 547 2183 625 Διός
2230 569 2300 612 τε
2345 547 2448 612 καὶ
2491 549 2606 625 τῆς
2649 550 2766 612 τοῦ

565 652 799 732 Δήμου
832 651 1191 732 ἀρχηγέτου
1224 650 1565 729 θυγατρός,
1617 648 1781 728 ἅπερ
1815 648 1879 712 αἱ
1908 652 2121 728 γραῖαι
2151 650 2505 732 ᾄδουσινῐ).
2576 652 2767 710 Vide-

562 758 704 816 licet
732 758 914 835 igitur
932 758 1108 815 huius
1143 757 1345 831 gentis
1368 773 1633 830 proavus
1658 763 1725 811 ut
1751 755 1979 829 hospes
1994 754 2273 814 Herculis
2302 763 2486 830 atque
2513 772 2588 810 ex
2617 753 2763 811 Iove

567 868 630 932 et
673 858 793 915 filia
822 855 1055 933 Δήμου
1090 853 1447 932 ἀρχηγέτου
1482 864 1663 918 natus
1696 858 1883 913 sacris
1927 856 2247 930 gentiliciis
2277 874 2401 912 una
2442 873 2580 912 cum
2609 855 2766 912 Her-

571 960 707 1017 cule
757 960 989 1017 fructus
1047 967 1159 1017 est.
1245 958 1428 1015 Aliud
1487 956 1835 1031 exemplum
1894 952 2170 1032 Διόμεια
2231 974 2427 1031 pagus
2489 957 2763 1032 praebet.

570 1059 814 1120 Nomen
860 1060 1023 1117 enim
1066 1059 1337 1116 habebat
1393 1078 1430 1117 a
1468 1057 1719 1126 Diom0‚
1781 1058 1903 1113 filio
1948 1056 2184 1133 Collyti,
2238 1058 2386 1113 item
2430 1059 2575 1132 pagi
2618 1074 2767 1132 epo-

563 1163 744 1238 nymi.
845 1160 1136 1218 Diomum
1188 1160 1509 1227 HerculeS,
1580 1177 1718 1216 cum
1783 1167 2019 1233 patrem
2080 1159 2371 1226 visitaret,
2440 1160 2768 1216 adamasse

568 1265 805 1320 dicitur.
853 1261 1060 1337 Steph.
1115 1262 1182 1321 Β.
1230 1281 1282 1317 ν.
1326 1257 1629 1334 Διόμεια·
1677 1288 1755 1299 -
1801 1290 1883 1300 --
1928 1255 2243 1334 Ἡρακλῆς
2285 1256 2408 1335 γὰρ
2467 1256 2811 1337 ἑπιξενυζ

566 1360 698 1437 θεὶς
762 1361 937 1438 παρὰ
999 1359 1298 1443 Κολλύτῳ
1365 1358 1618 1437 ἠράσθη
1687 1357 1941 1436 Διόμου
2004 1361 2121 1422 τοῦ
2189 1356 2331 1421 υἱοῦ
2400 1356 2617 1421 αὐτοῦ.
2685 1355 2764 1420 οὗ

566 1459 831 1524 ἀποθεω
879 1510 891 1522 .
937 1510 951 1523 .
1000 1510 1014 1522 .
1062 1462 1301 1535 Quibus
1347 1464 1544 1519 verbis
1590 1462 1880 1519 Meineke
1924 1463 1988 1518 in
2032 1463 2306 1520 editione
2353 1480 2464 1520 sua
2507 1462 2769 1519 subiecit

561 1574 806 1624 notam:
881 1558 988 1625 εοὗ
1046 1559 1577 1637 ἀποθεω[θέντος
1624 1608 1637 1621 .
1684 1608 1697 1623 .
1744 1558 1818 1621 ,P
1878 1563 1941 1619 in
1992 1581 2114 1637 quo
2167 1557 2245 1622 οὗ
2302 1565 2384 1620 ad
2436 1563 2765 1620 Herculem

570 1660 870 1742 spectat',
914 1683 1097 1739 quam
1127 1666 1494 1722 sententiam
1542 1684 1595 1721 v.
1642 1665 1701 1723 d.
1746 1664 2017 1739 pluribus
2061 1664 2322 1739 probare
2369 1673 2625 1722 conatus
2670 1671 2767 1721 est

561 1768 623 1825 in
669 1768 846 1824 anall.
894 1767 1066 1825 Alex.
1123 1784 1183 1841 p.
1224 1780 1333 1840 177
1371 1783 1460 1839 sq.
1563 1766 1845 1822 Eandem
1891 1766 2310 1824 coniecturam
2353 1783 2471 1840 ego
2518 1782 2765 1840 quoque

562 1870 822 1927 libenter
874 1868 1242 1943 amplector;
1305 1868 1583 1924 existimo
1648 1869 1807 1925 enim
1868 1868 2246 1944 Stephanum
2298 1869 2359 1925 in
2429 1869 2538 1936 eis,
2605 1884 2764 1941 quae

563 1970 886 2044 deperdita
928 1977 1089 2037 sunt,
1154 1969 1428 2025 locutum
1473 1986 1613 2024 esse
1659 1969 1739 2024 de
1788 1968 1966 2037 festo,
2029 1971 2199 2043 quod
2242 1970 2321 2027 ob
2366 1969 2517 2026 illud
2561 1968 2765 2042 hospi-

562 2072 713 2127 tium
759 2079 924 2129 esset
976 2070 1337 2127 institutum.
1424 2069 1671 2127 Etenim
1730 2069 2011 2127 Herculis
2057 2071 2353 2146 templum
2395 2071 2458 2127 in
2499 2069 2764 2126 Diomeo

561 2189 724 2247 pago
766 2171 948 2227 situm
993 2169 1178 2228 fuisse
1237 2188 1310 2228 ac
1360 2170 1584 2227 festum
1633 2188 1772 2227 esse
1815 2179 2020 2228 actum
2048 2170 2460 2245 Hegesander
2503 2179 2765 2227 testatur

563 2292 660 2348 ap.
682 2273 906 2332 Athen.
948 2271 1052 2339 VI,
1089 2271 1298 2341 260a3
1345 2272 1422 2331 cf.
1451 2272 1616 2340 XIV,
1650 2272 1845 2344 614d.
1912 2273 2012 2330 Ad
2043 2273 2161 2330 hoc
2192 2274 2414 2330 festum
2458 2274 2762 2348 respicere

562 2375 804 2430 videtur
854 2373 1149 2448 Stephani
1213 2374 1422 2447 glossa
1486 2393 1538 2433 v.
1590 2370 2028 2448 Κυνόσαργες·
2089 2407 2161 2414 -
2220 2405 2301 2416 ·—-
2346 2372 2597 2449 Δίομος
2641 2370 2764 2449 γὰρ

561 2469 858 2555 Ἡρακλεῖ
913 2469 1003 2547 ὡς
1046 2475 1176 2555 θεῷ
1240 2471 1416 2535 θύων
1474 2470 1565 2534 τὰ
1629 2470 1993 2536 ξενώσων
2049 2470 2215 2550 ἱερὰ
2268 2469 2563 2550 Ἡρακλεῖ
2625 2471 2763 2556 ἥρῳ

530 2570 763 2636 »ἔδειξε
809 2574 938 2634 κτλ.
1040 2574 1190 2647 Quis
1222 2593 1347 2632 non
1388 2575 1479 2632 his
1527 2576 1723 2633 verbis
1768 2606 1851 2615 -
1896 2575 2039 2632 licet
2082 2578 2421 2633 admodum
2465 2577 2587 2633 sint
2632 2593 2763 2633 cor-

564 2684 745 2751 rupta
807 2706 887 2715 -—
949 2677 1130 2734 xenia
1187 2675 1509 2750 significari
1567 2671 1884 2733 censebit?
1956 2675 2189 2733 Scimus
2236 2678 2400 2738 enim
2440 2694 2580 2735 eam
2625 2693 2764 2734 esse

563 2786 848 2833 naturum
884 2776 1098 2834 horum
1143 2794 1475 2845 sacrorum,
1520 2786 1589 2834 ut
1635 2779 1738 2834 dei
1782 2778 1876 2834 vel
1907 2777 2125 2842 heroes
2172 2780 2252 2836 ad
2297 2779 2511 2854 epulas
2557 2795 2763 2836 sacras

562 2877 907 2946 invitentur,
955 2878 1021 2934 id
1066 2879 1234 2953 quod
1277 2877 1374 2934 hic
1421 2879 1667 2952 egregie
1713 2880 1975 2954 quadrat
1996 2877 2062 2951 ²).

767 2978 954 3035 Porro
1002 2980 1051 3035 si
1098 2980 1296 3036 addas
1342 2979 1474 3036 illos
1518 2980 1844 3054 parasitos,
1894 2997 2045 3053 quos
2088 2980 2152 3036 in
2196 2979 2570 3037 Theoxeniis
2617 2979 2763 3037 Del-

562 3078 755 3153 phicis
819 3078 1131 3153 Spartanis
1195 3079 1671 3137 Atheniensibus
1736 3081 2110 3154 explicandis
2177 3082 2534 3155 reperimuS‚
2594 3089 2762 3139 recte

567 3181 888 3254 intelleges
920 3179 1174 3236 alteram
1201 3188 1439 3254 partem
1469 3180 1627 3237 illius
1660 3182 1973 3249 orationis,
2008 3198 2191 3255 quam
2216 3181 2529 3239 Diodorus
2576 3192 2765 3256 poeta

567 3284 899 3355 parasitum
946 3281 1093 3339 facit
1135 3283 1494 3339 recitantem
1543 3278 1620 3359 (v.
1645 3300 1805 3357 supr.
1834 3300 1893 3357 p.
1927 3281 2030 3358 25)
2050 3279 2117 3360 ³).
2179 3282 2384 3341 Verba
2430 3293 2573 3341 sunt
2617 3284 2763 3340 inde

568 3400 604 3438 a
648 3402 701 3441 v.
754 3398 860 3455 23:

769 3603 819 3672 1)
857 3604 938 3655 Cf.
977 3606 1280 3655 Robertum
1310 3606 1722 3669 philologi-rme
1758 3606 2262 3670 untersuchungen‚
2302 3606 2371 3664 V,
2407 3620 2459 3669 p.
2484 3616 2572 3667 33.

770 3692 825 3761 2)
863 3693 987 3742 Fuit
1044 3694 1199 3743 etiam
1246 3693 1471 3742 Herculi
1528 3694 1799 3743 adamatus
1847 3694 2104 3743 Abderus
2162 3694 2413 3743 Mercurii
2465 3693 2633 3759 filius;
2694 3692 2761 3744 cf.

566 3781 785 3833 Hellan.
828 3798 906 3848 ap.
948 3782 1129 3848 Steph.
1180 3784 1242 3833 B.
1282 3800 1329 3833 v.
1369 3780 1646 3847 Ἀβδηρα;
1704 3782 1969 3847 Apollod.
2013 3785 2084 3841 II,
2127 3794 2173 3846 5,
2217 3784 2263 3833 8.
2325 3810 2394 3819 -—
2448 3782 2761 3844 Adiungere

565 3870 693 3919 licet
729 3870 1066 3934 Theagenem
1105 3870 1376 3929 Thasium,
1418 3872 1508 3935 qui
1548 3871 1802 3919 Herculis
1841 3865 1984 3919 filius
2025 3871 2316 3929 dicebatur,
2355 3872 2513 3921 PauS.
2540 3871 2635 3929 VI,
2670 3863 2832 3927 113⁴!

562 3957 610 4007 is
651 3958 791 4007 enim
829 3959 977 4008 iussu
1016 3958 1215 4008 oraculi
1253 3958 1507 4023 Delphici
1560 3958 1720 4008 heros
1778 3960 1945 4009 factus
2005 3966 2057 4007 et
2102 3959 2267 4007 Thasi
2315 3967 2366 4008 et
2422 3957 2554 4007 alibi
2608 3957 2762 4024 quasi

563 4045 723 4096 heros
762 4047 1000 4096 medicus
1038 4048 1326 4111 colebatur,
1381 4048 1530 4095 cuius
1569 4042 1780 4110 generis
1816 4048 2011 4097 heroes
2068 4048 2220 4097 multi
2265 4048 2671 4097 inveniebantur
2706 4047 2762 4093 in

565 4136 802 4186 Graecia.
879 4137 1078 4185 Moneo
1115 4136 1172 4183 in
1208 4136 1510 4186 universum
1549 4137 1764 4202 saepius
1803 4153 1902 4185 usu
1939 4138 2166 4196 venisse,
2217 4144 2275 4186 ut
2310 4135 2503 4185 mortui
2543 4150 2606 4183 ex
2647 4150 2759 4183 ora·

563 4223 684 4272 culo
722 4226 778 4272 in
813 4225 1037 4275 heroum
1078 4239 1352 4273 numerum
1389 4225 1761 4290 reciperentur.

763 4315 816 4379 3)
855 4312 1120 4361 Hercules
1158 4313 1508 4378 parasitorum
1545 4312 1777 4362 ‘nutrix’
1814 4314 1989 4364 Plaut.
2028 4315 2179 4364 Cure.
2220 4314 2337 4379 358.
