3234 5109
366 25 401 50 a„
455 3 673 76 Frwfvsss

258 99 267 112 .

68 52 82 310 ι
260 187 264 202 Ι

800 438 833 490 45

233 593 236 604 '
268 602 301 659 in
322 619 415 675 quern
436 619 498 658 una
520 600 682 658 e·Bacchis
706 601 809 657 vinum
834 600 917 658 libat.
952 565 1076 659 Adsuni
1096 611 1218 677 praeter
1229 603 1368 662 Bacchas

269 703 493 778 Papposilenus
516 711 548 759 et
570 702 679 775 Satyri.

368 803 459 861 Hanc
473 820 585 861 novam
601 803 917 878 repraesentationem
939 818 1008 858 cum
1030 802 1081 859 illo
1101 804 1202 877 priore
1224 808 1364 882 exemplo

271 905 460 962 consociavit
483 903 591 961 artifex
613 902 727 960 vasculi

411 1005 454 1066 M.
477 1005 643 1079 Amphora.
667 1002 830 1079 Neapoli
848 1023 878 1063 n.
897 1019 987 1077 24¹¹·
1010 1002 1047 1063 O.
1063 1004 1140 1061 Iahn
1162 1023 1231 1062 ann.
1256 1007 1283 1065 d.
1298 1007 1369 1065 Inst.

276 1104 363 1174 1860,
389 1125 419 1180 p.
439 1123 450 1161 1
471 1123 537 1181 sqq.
576 1104 661 1163 Mon.
684 1107 711 1164 d.
739 1105 813 1164 Inrt.
836 1104 889 1163 VI.
912 1102 980 1178 Vll,
1003 1106 1086 1163 tabb.
1102 1120 1141 1180 37
1158 1123 1203 1181 sq.
1232 1106 1371 1183 Explicc.

271 1207 339 1266 coll.
362 1206 575 1282 Heydemann.

370 1307 442 1365 Duo
465 1310 546 1366 enim
565 1309 688 1366 ordines
715 1308 872 1365 hominum
899 1309 972 1383 picti
1002 1316 1082 1365 sunt.
1137 1307 1280 1384 Superior
1302 1328 1370 1368 eas·

271 1411 344 1467 dem
358 1410 421 1467 fere
442 1410 555 1486 figuras
579 1412 718 1466 continet
739 1418 834 1483 atque
849 1409 888 1477 K,
911 1409 1034 1466 inferior
1055 1410 1193 1484 proxime
1218 1410 1306 1467 abest
1329 1411 1368 1467 ab

273 1513 412 1586 exemplo
435 1513 548 1570 Attico.
578 1510 675 1568 Vides
698 1528 781 1567 aram
803 1519 836 1567 et
858 1529 954 1585 prope
977 1529 1060 1567 aram
1081 1529 1229 1579 mensam,
1252 1513 1283 1568 in
1306 1531 1367 1586 qua

272 1608 404 1686 οἰνοχόη
427 1615 529 1688 posita
551 1620 607 1670 est.
664 1611 739 1668 Post
772 1629 856 1667 aram
884 1611 997 1669 Bacchi
1029 1613 1148 1669 barbati
1175 1614 1368 1670 simulacrum

275 1714 470 1788 conspicitur.
533 1711 657 1769 Baccha
693 1713 734 1768 ad
774 1730 858 1770 aram
901 1722 986 1769 stans
1020 1730 1142 1787 capram
1178 1714 1369 1771 immolatura

271 1821 327 1872 est.
381 1813 487 1869 Altera
514 1812 636 1869 Baccha
663 1831 682 1869 a
710 1813 819 1869 dextra
850 1814 1017 1870 adveniens
1051 1814 1185 1870 catinum
1220 1816 1369 1889 placentis

273 1923 417 1971 onustum
452 1915 484 1970 in
515 1932 623 1972 mensa
655 1915 751 1989 ponit.
813 1917 839 1971 Α
872 1915 958 1972 laeva
990 1923 1077 1989 parte
1112 1916 1194 1973 duae
1228 1915 1370 1973 Bacchae

216 2057 226 2074 .
271 2015 385 2073 saltant
397 2008 431 2090 ¹).
1243 1999 1249 2010 ⁵

368 2115 433 2173 Iam
455 2117 619 2190 quaeritur,
641 2117 798 2191 quodnam
821 2115 932 2173 festum
963 2116 1033 2173 illae
1056 2133 1197 2173 vasorum
1219 2117 1368 2191 imagines
1460 2101 1462 2106 ⁸

270 2217 420 2274 illustrare
443 2217 545 2274 velint.
595 2217 630 2274 In
653 2217 711 2275 hac
733 2219 916 2293 quaestione
938 2217 1127 2274 instituenda
1148 2218 1279 2273 maxime
1301 2218 1370 2273 niti·

270 2337 337 2376 mur
358 2319 480 2376 vasibus
503 2319 613 2377 Atticis
628 2318 738 2385 A-G,
761 2336 842 2393 quae
863 2319 965 2375 eidem
987 2319 1126 2375 serviisse
1151 2319 1365 2384 caerimoniae,

272 2438 365 2495 quam
388 2421 453 2495 ipsa
476 2421 654 2489 ostendant,
678 2420 725 2477 vel
748 2438 785 2476 ex
809 2419 906 2476 forma
927 2419 1086 2476 verisimile
1102 2418 1143 2475 fit.
1175 2418 1368 2493 Repraesen-

271 2530 339 2579 tant
359 2523 441 2579 enirn
463 2540 501 2578 ea
524 2538 621 2590 sacra,
644 2521 675 2577 in
698 2521 808 2596 quibus
824 2520 1025 2578 enucleandis
1048 2530 1114 2577 tota
1135 2527 1242 2577 nostra
1262 2520 1367 2593 dispu-

273 2623 348 2679 tatio
371 2633 515 2681 versatur.
553 2621 632 2679 Nam
654 2622 704 2680 hic
726 2640 852 2697 quoque
877 2624 917 2680 ad
941 2624 1133 2680 simulacrum
1155 2623 1206 2679 dei
1227 2623 1369 2696 apposita

273 2733 322 2779 est
338 2741 448 2781 mensa
464 2724 538 2780 cibis
554 2725 686 2798 vinoque
702 2732 825 2792 ornata3
848 2741 894 2787 ac.
918 2725 942 2781 si
966 2724 1144 2799 adspexeris
1166 2723 1229 2780 AB
1245 2720 1311 2782 CD
1327 2722 1365 2791 G,

272 2824 323 2880 ubi
346 2826 485 2882 mulieres
508 2843 545 2881 ex
568 2825 636 2882 ollis
660 2826 754 2882 sacris
771 2825 874 2881 vinum
892 2826 947 2881 sibi
962 2832 1115 2899 promunt,
1139 2824 1227 2881 facile
1250 2825 1280 2879 in
1303 2824 1368 2897 opi-

271 2925 394 2981 nionem
425 2926 589 2983 adduceris
622 2925 763 2983 homines
786 2926 843 2982 illis
877 2925 963 2983 festis
997 2927 1105 2983 diebus
1135 2925 1366 3000 quodammodo
1401 3000 1404 3003 ἢ

272 3042 342 3081 cum
365 3025 425 3080 deo
448 3033 557 3099 potare
580 3025 637 3082 sibi
659 3026 740 3082 visos
763 3043 842 3083 esse.

373 3123 437 3180 Viri
464 3126 547 3182 docti
579 3124 636 3182 hos
664 3127 738 3183 ritus
772 3127 814 3183 ad
837 3126 1033 3184 Anthesteria
1065 3129 1246 3185 rettulerunt
1278 3123 1367 3204 (Iahn

272 3245 341 3284 ann.
365 3227 392 3282 d.
418 3225 489 3287 Inst.
518 3224 604 3295 1860,
628 3246 657 3301 p.
674 3243 707 3300 93
735 3226 824 3296 1862,
849 3242 929 3302 p.72
947 3245 1012 3303 sqq.
1046 3228 1163 3287 Vrlichs
1179 3247 1254 3287 vera.
1272 3231 1300 3288 d.
1316 3248 1369 3285 an-

271 3327 462 3402 tr'kensmmlg.
487 3345 524 3383 zu
546 3326 658 3401 Wrabg.
683 3325 771 3401 1872,
795 3345 823 3401 3,
845 3347 875 3385 11.
894 3324 977 3403 323).
1001 3329 1145 3387 Fortasse
1166 3339 1260 3388 recte.
1290 3329 1370 3386 Nam

274 3430 510 3485 concedendum
525 3437 573 3485 est
585 3430 676 3485 xenia
688 3437 793 3485 nostra
806 3447 875 3485 cum
888 3428 946 3485 hoc
957 3429 1037 3487 festo
1052 3433 1175 3507 egregie
1191 3431 1368 3503 convenire3

272 3527 422 3597 conferas,
446 3547 525 3604 quae
549 3534 584 3588 A.
612 3529 785 3586 Mommsen
808 3530 930 3589 beortol.
953 3550 982 3605 p.
998 3547 1161 3606 345-373
1187 3534 1227 3588 de
1251 3532 1366 3588 Anthe-

276 3702 470 3711 ---—-.-.—.

373 3825 396 3893 1)
414 3828 528 3878 Possum
557 3830 660 3879 adferre
678 3845 763 3895 pauca
780 3830 889 3881 vascula
912 3831 991 3895 picta,
1013 3847 1080 3896 quae
1100 3831 1172 3880 idem
1191 3837 1370 3894 argumentum

269 3916 350 3981 paulo
370 3915 551 3967 oblitteratum
568 3925 723 3977 monstrant,
746 3918 820 3968 velut
838 3921 906 3969 Iatta
926 3923 990 3969 vari
1008 3920 1107 3984 Caputz'
1126 3936 1152 3969 n.
1173 3920 1233 3982 328,
1252 3920 1304 3969 tab.
1319 3921 1369 3978 VI,

271 4006 344 4069 quod
354 4005 504 4071 exemplum
514 4007 633 4057 Atticum
645 4008 771 4072 sequitur.
785 4006 872 4058 Catul.
885 4006 975 4072 Camp.
986 4009 1008 4066 Ι,
1024 4007 1069 4057 sal.
1083 4009 1119 4067 A,
1132 4020 1226 4070 n.244;
1240 4009 1369 4066 Panoika,

269 4108 338 4144 mus.
350 4094 461 4153 Blacas,
481 4095 534 4147 tab.
549 4095 630 4160 vm,
655 4113 720 4146 ann.
735 4097 759 4148 d.
770 4098 839 4146 lnst.
857 4096 934 4150 1862.
949 4097 1001 4147 tab.
1016 4097 1045 4146 C.
1064 4125 1098 4133 —
1116 4096 1202 4145 Etiam
1213 4095 1266 4144 alia
1278 4111 1369 4144 monu-

269 4189 418 4232 mentorum
435 4199 534 4246 genera
549 4183 645 4234 similia
664 4185 786 4244 offerunt,
805 4186 838 4237 ci.
853 4201 874 4236 e.
889 4201 914 4248 g.
928 4185 1105 4250 anaglyphum
1124 4185 1194 4249 apud
1204 4179 1369 4234 Gerh‘ardum

268 4270 390 4336 Neapels
402 4280 458 4323 ant.
473 4275 561 4325 bildw.
576 4291 601 4325 n.
611 4275 663 4337 426
683 4282 709 4324 et
721 4275 913 4340 sarcophagum
929 4274 957 4323 in
967 4274 1044 4323 Mon.
1065 4274 1088 4323 d.
1099 4274 1168 4323 Inrt.
1188 4274 1237 4331 III,
1257 4273 1311 4323 tab.
1328 4272 1367 4322 18.

269 4360 389 4410 Picturas
407 4362 583 4429 Pompeianas
605 4353 707 4415 omitto

1152 4488 1169 4538 4
