3234 5109
767 359 800 410 47

222 526 322 599 ‘quod
345 543 401 583 suo
423 525 487 582 iure
513 524 585 582 fecit
606 522 800 582 Schoemann
822 543 871 597 gr.
896 524 1010 581 allerth.
1034 523 1072 592 II,
1091 543 1121 598 p.
1138 540 1209 596 441.
1253 505 1332 582 Nam

236 626 304 683 lnce
327 626 437 684 clarius
465 635 512 683 est
534 621 711 686 Θεοδαίσια
733 642 803 682 esse
834 619 960 698 ‘buitur
981 619 1074 685 θεοῦ’
1101 624 1192 699 plane
1219 626 1332 682 eodem

176 795 182 800 ‚
227 728 338 794 modo,
362 736 396 784 ut
417 723 572 788 Θεοξένια
595 723 683 788 ξένια
706 721 759 802 (=
775 720 939 801 ξενισμός)
963 724 1040 785 θεοῦ
1058 719 1090 801 ¹).
1135 724 1181 786 Cf.
1203 725 1280 783 Hes.
1303 744 1330 782 v.

234 824 366 902 ἡρόχια·
389 824 429 887 τὰ
451 823 628 888 θεοδαίσια.
661 821 692 887 οἱ
714 824 750 887 δὲ
773 822 904 900 ἑορτήν·
926 821 956 887 οἱ
979 824 1015 887 δὲ
1036 821 1115 901 ἱερά.
1139 826 1333 883 Vocabulum

233 926 386 1005 itptixtu2)
408 929 480 986 alibi
499 948 561 987 non
585 930 747 997 invenitur,
769 930 827 986 sed
849 946 913 985 non
936 929 1055 996 dubito,
1078 930 1150 1003 quIn
1173 928 1332 986 conferen-

235 1033 309 1088 dum
332 1033 370 1088 sit
393 1050 463 1089 cum
485 1026 544 1104 ὀχή
558 1053 598 1079 =
613 1021 729 1105 τροφή,
753 1029 790 1088 cf.
814 1030 884 1089 Ath.
908 1029 990 1097 VIII,
1016 1030 1117 1103 3631).
1141 1029 1244 1104 Steph.
1255 1030 1290 1089 B.
1303 1048 1330 1088 v.

236 1128 419 1207 Κάρυστος·
442 1166 482 1178 -
505 1162 547 1171 -
569 1126 600 1191 οἱ
619 1128 681 1205 γὰρ
704 1126 823 1205 Ἀχαιοὶ
855 1128 913 1205 τὴν
946 1129 1072 1206 τροφὴν
1105 1126 1186 1205 ὀχήν
1220 1142 1331 1205 φασιν.

135 1296 139 1308 ,
235 1232 282 1293 Cf.
304 1230 430 1308 παρόχη
453 1228 516 1309 (Et,
539 1231 581 1293 M.
598 1251 624 1289 v.
648 1228 782 1305 εὐωχία·
807 1263 844 1271 -
868 1228 887 1305 ἡ
910 1230 1048 1307 παροχὴ,
1071 1227 1121 1292 ὅτι
1142 1229 1246 1308 πολλὴ
1269 1226 1329 1305 ὀχὴ

234 1329 420 1410 πρόκειται).
472 1334 518 1391 Ac
550 1333 657 1390 nescio
690 1351 730 1390 an
759 1334 857 1408 prima
877 1351 947 1408 pars
970 1335 1008 1390 sit
1030 1329 1127 1408 ἥρως,
1158 1365 1196 1375 ·-
1232 1334 1332 1390 Etiam

155 1471 158 1492 τ
235 1433 358 1510 Cyrenis
387 1430 563 1495 Θεοδαίσια
599 1434 847 1510 celebrabantun
881 1434 918 1492 cf.
941 1433 1016 1492 Hes.
1042 1454 1068 1493 v.
1098 1430 1330 1509 Ἀστυδρομία·

234 1569 274 1576 -
296 1532 411 1596 -καὶ
434 1532 611 1596 Θεοοαίοια
634 1531 740 1612 ἑορτή,
763 1532 841 1614 ἐνῇ
868 1532 985 1609 ἐτίμων
1007 1531 1176 1597 Διόνυσον
1199 1533 1250 1597 καὶ
1272 1534 1330 1610 τὰς

126 1663 132 1672 s
235 1632 382 1712 Νύμφας.

332 1740 468 1813 Apparet
489 1740 521 1796 in
545 1740 687 1797 omnibus
713 1739 759 1796 his
783 1738 868 1797 festis
887 1748 940 1796 aut
955 1741 1048 1797 deum
1065 1739 1238 1802 hominibus
1255 1754 1331 1813 quo·

236 1840 402 1898 dammodo
425 1842 583 1916 potionem
606 1850 637 1898 et
658 1842 759 1898 cibum
775 1842 912 1909 dedisse,
935 1850 990 1898 aut
1011 1840 1150 1898 homiues
1172 1842 1233 1897 deo
1256 1857 1331 1915 epu·

236 1941 297 1998 lum
317 1959 451 2017 parasse,
475 1942 559 1999 unde
582 1942 711 2000 efficitur
734 1959 771 1999 ea
791 1942 871 1999 festa
887 1942 1038 1999 Bacchica
1052 1958 1176 2016 prorsus
1199 1941 1332 1997 eandem

235 2052 376 2100 naturam
398 2052 430 2099 et
445 2045 597 2101 rationem
612 2044 757 2101 habuisse
771 2052 865 2118 atque
879 2044 1028 2117 Apollinis
1039 2042 1230 2110 Theoxenia‚
1252 2059 1332 2116 quae

234 2142 361 2219 Delphis
398 2144 644 2213 celebrabantur,
683 2146 835 2220 remaque
876 2152 1047 2201 ceterorum
1085 2145 1214 2201 deorum
1253 2143 1332 2200 Iovis

234 2243 454 2304 Dioscurorum
475 2245 616 2304 Herculis
636 2247 823 2321 Aesculapii.

332 2565 366 2621 ln
388 2565 541 2641 plerisque
570 2566 684 2622 muscis
715 2565 845 2642 publicis
881 2571 1039 2621 servantur
1071 2566 1226 2638 quaedam
1250 2581 1332 2622 ana·
1378 2571 1384 2584 '

235 2664 356 2739 glypha‚
379 2683 460 2740 quae
483 2675 570 2724 tanta
591 2667 672 2723 inter
694 2683 728 2723 se
751 2667 948 2722 continentur
969 2665 1177 2733 similitudine,
1212 2674 1246 2722 ut
1268 2665 1331 2722 fere

237 2767 338 2822 omnia
362 2768 402 2823 ad
423 2786 516 2824 unum
539 2768 713 2842 exemplum
734 2766 910 2823 fidelissime
933 2767 1091 2841 exsculpta
1115 2784 1184 2823 esse
1208 2767 1332 2824 videan-

235 2875 291 2925 tur.
314 2866 465 2925 Videmus
488 2870 583 2926 virum
605 2869 772 2926 imberbem
794 2876 828 2924 et
849 2868 992 2924 feminam
1016 2868 1165 2925 cubantes
1187 2868 1218 2925 in
1240 2869 1331 2937 lect0‚

236 2967 277 3036 ad
299 2984 389 3041 quem
412 2984 521 3024 mensa
544 2968 617 3025 cibis
641 2976 672 3024 et
693 2968 809 3042 poculis
834 2977 982 3024 exornata
1006 2970 1146 3043 apposita
1168 2977 1224 3027 est.
1279 2968 1334 3025 Vir

236 3070 377 3125 dextram
398 3068 477 3125 tollit
500 3069 634 3126 salutans
660 3068 825 3138 Bacchum,
854 3069 947 3144 quia
970 3070 1079 3126 dextra
1098 3079 1186 3144 parte
1209 3070 1334 3127 advenit

222 3172 400 3228 ‘comitatus
423 3169 536 3244 Satyris
560 3168 663 3228 Sileno
685 3170 817 3250 Baccha.
851 3170 936 3228 Deus
961 3189 1124 3247 expressus
1147 3179 1196 3228 est
1218 3189 1257 3228 eo
1279 3170 1333 3226 ha-

222 3271 309 3350 bitu,
344 3271 395 3345 qui
417 3272 555 3346 proxime
578 3271 666 3327 abest
688 3272 727 3327 ab
748 3272 799 3329 illa
821 3272 936 3331 Bacchi
964 3273 1084 3330 barbati
1107 3280 1218 3339 statua,
1254 3288 1333 3344 quae

235 3371 306 3427 olim
330 3371 558 3445 Sardanapalus
586 3372 773 3441 vocabalur;
808 3373 837 3429 ei
869 3374 1043 3431 ministrant
1077 3373 1140 3427 duo
1175 3371 1332 3446 Satyrisci:

210 3471 311 3539 salter
332 3473 510 3546 magistrum
532 3473 601 3529 vino
625 3491 748 3547 gravem
771 3474 921 3533 bracchiis
953 3474 1040 3530 elatis
1074 3473 1224 3539 sublevat,
1258 3472 1334 3527 alter

234 3574 332 3648 pedes
357 3575 523 3632 excalceat.
581 3551 656 3630 Post
678 3574 819 3631 homines
841 3575 990 3633 cubantes
1011 3592 1115 3632 murus
1138 3573 1333 3647 conspicitur,

234 3675 276 3731 ad
298 3692 391 3749 quem
410 3683 630 3749 parapetasma
646 3677 801 3733 adnexum
817 3685 882 3745 est3
905 3685 976 3751 post
998 3694 1117 3734 murum
1139 3676 1225 3734 vides
1249 3674 1334 3731 aedi-

235 3773 311 3843 ficia,
333 3775 514 3850 plerumque
537 3777 626 3833 sertis
649 3777 802 3833 redimita.

337 4014 361 4083 1)
380 4017 497 4081 Egregie
509 4018 612 4068 fallitur
621 4018 751 4067 Welcker
764 4035 814 4082 gr.
827 4021 939 4082 gitterl.
950 4019 988 4079 Π,
1004 4036 1031 4084 p.
1044 4020 1094 4083 635
1110 4034 1149 4084 sq.
1169 4017 1254 4068 Sentit
1264 4018 1334 4066 enirn

234 4104 262 4154 in
281 4105 460 4155 Theodaesiis
480 4107 524 4156 dei
543 4122 638 4172 corpus
657 4105 767 4172 mystico
787 4108 869 4157 modo
889 4109 922 4157 ab
941 4108 1094 4157 hominibus
1113 4122 1247 4157 comesum
1266 4120 1333 4155 esse.

336 4191 363 4260 2)
388 4194 519 4244 Welcker
541 4195 559 4245 l.
583 4210 607 4245 c.
630 4193 656 4252 I,
685 4211 710 4259 p.
724 4195 776 4257 364
801 4196 866 4245 mire
890 4197 968 4245 vertit
1004 4193 1232 4260 ‘Herasprung',
1264 4193 1335 4241 unde

235 4283 385 4348 suspicatur
403 4283 500 4333 festum
521 4284 555 4332 ad
574 4281 649 4349 ἱερὸν
668 4282 759 4346 γάμον
778 4284 851 4333 Iovis
871 4292 897 4333 et
914 4285 1025 4335 Iunonis
1045 4291 1173 4350 spectare.
