3234 5109
835 431 870 470 20

304 594 464 668 intellegit.
520 592 670 668 Imprimis
692 600 797 651 autem
821 592 953 650 conferri
980 592 1076 651 debet
1103 593 1179 652 illud
1198 592 1405 670 anaglyphum

305 694 529 762 Thessalicum,
565 695 617 751 ubi
639 694 670 751 in
692 711 732 752 eo
754 703 812 764 est,
847 702 880 751 ut
901 693 1044 752 Dioscuri
1076 695 1108 752 in
1143 695 1256 753 lectum
1277 695 1405 753 demissi

304 798 454 872 placentis
470 797 623 854 inmensa
641 797 750 871 positis
766 803 936 854 vescantur.
971 795 1081 871 Neque
1095 798 1404 872 praetermittendum

305 906 353 956 est
375 897 579 973 anaglyphum
601 896 782 954 Veronense
809 897 848 953 ab
871 897 1029 970 Argenida
1059 899 1196 972 quodam
1223 898 1404 956 dedicatum

305 991 423 1079 (Conze
456 997 626 1073 vorlegebll.
655 1014 712 1058 ser.
735 996 788 1066 IV,
815 997 877 1056 tab.
899 1014 928 1072 9,
952 997 981 1056 8.
1025 997 1187 1055 Dfitschke
1218 1006 1278 1056 ant.
1301 997 1402 1056 bz'labo.

305 1103 337 1158 in
364 1099 472 1157 Oberil.
495 1099 549 1166 IV,
573 1118 617 1157 nr.
638 1094 722 1175 538).
765 1098 801 1156 In
824 1115 885 1173 quo
908 1106 981 1155 ante
1003 1098 1183 1169 Dioscuros,
1207 1100 1310 1175 quiin
1334 1101 1400 1158 basi

305 1208 397 1269 stant,
432 1200 584 1258 collocata
615 1207 663 1257 est
693 1198 791 1257 altera
819 1199 901 1257 basis
928 1217 1000 1257 arae
1022 1218 1086 1257 non
1108 1201 1277 1274 dissimilis;
1310 1201 1342 1257 in
1363 1218 1402 1257 ea

304 1304 386 1359 duae
401 1300 567 1376 amphorae
582 1301 735 1376 operculis
752 1309 854 1359 tectae
869 1301 990 1375 positae
1006 1310 1093 1371 sunt3
1117 1310 1191 1360 ante
1209 1301 1291 1359 hanc
1306 1303 1412 1359 basim.

305 1421 390 1462 aram
412 1403 551 1460 videmus
574 1403 604 1460 in
627 1403 712 1460 cuius
735 1402 838 1459 fronte
860 1419 936 1477 aper
961 1404 1136 1477 exsculptus
1157 1411 1215 1461 est.
1261 1402 1404 1478 Sequitur

307 1503 480 1579 Argenidas
502 1504 534 1560 in
556 1522 641 1562 aram
663 1504 843 1561 libationem
865 1504 990 1563 faciens,

404 1604 515 1679 Itaque
537 1623 606 1663 cum
620 1606 681 1663 iam
697 1606 890 1681 exploratum
903 1605 1073 1663 habeamus
1096 1606 1232 1681 quinque
1253 1606 1307 1664 illa
1328 1623 1403 1664 ana·

303 1705 416 1782 glypha
437 1726 456 1763 a
479 1706 636 1782 Spartanis
659 1706 832 1763 hominibus
866 1706 906 1763 ob
940 1724 1010 1764 eam
1040 1696 1166 1765 causam
1188 1725 1276 1765 sacro
1299 1708 1404 1783 aliquo

305 1806 373 1864 loco
397 1825 466 1865 esse
489 1808 666 1875 constituta,
688 1816 724 1865 ut
744 1808 847 1882 palam
868 1808 1005 1866 facerent
1024 1808 1147 1883 quinam
1170 1809 1201 1865 in
1214 1809 1403 1867 Theoxeniis

307 1924 414 1965 sacrae
437 1910 525 1984 dapis
546 1909 709 1985 participes
726 1909 866 1977 fuissent,
888 1910 987 1983 parati
1009 1926 1124 1976 sumus,
1147 1909 1326 1985 longiorem,
1351 1910 1404 1985 qui

306 2024 385 2067 unus
408 2027 507 2084 paene
530 2010 691 2068 incolumis
713 2018 853 2068 servatus
887 2017 944 2080 est,
978 2009 1098 2067 titulum
1131 2005 1246 2087 (anagl.
1268 2006 1308 2086 B)
1331 2029 1403 2069 exa·

304 2110 430 2168 minare.

432 2206 470 2271 Οἱ
492 2208 679 2286 σιτηθέντες
702 2208 753 2272 ἐπὶ
776 2207 976 2286 Νικοκ[λέ]ος

431 2307 671 2387 Εὐρυβάνασσα
691 2310 827 2374 Σιδέκτα

430 2407 598 2489 Τυνδάρης
620 2411 755 2475 Σιδέκτα
776 2409 883 2489 ἱερεύς
980 2402 981 2406 ’

429 2510 612 2589 Δεξίμαχος
633 2511 789 2590 Πρατόλα

367 2628 396 2688 5.
429 2612 582 2690 Σιδέκτας
604 2611 760 2691 Πρατόλα

429 2713 679 2792 Δαμοκρατίδας
702 2712 865 2791 Εὐδαμίδα
888 2713 1029 2793 βί[δυ]ος

429 2813 613 2892 Τιμόδαμος
635 2812 877 2892 Δαμοστράτου
900 2834 934 2878 τε
957 2864 964 2878 .
987 2864 993 2875 .
1017 2864 1023 2877 .
1048 2815 1121 2880 ore?

431 2912 659 2993 Ἀριστομένης
681 2911 927 2992 Ἀριστομένεος
950 2912 1101 2997 ἔ[φ]ορος

430 3015 654 3095 Φιλόστρατος
676 3014 855 3093 Σώπατρος
876 3015 917 3095 (Ρ)
940 3016 1130 3096 νομοφύλαξ

350 3135 396 3180 10.
429 3117 633 3196 Δινοκράτης
656 3117 837 3194 Δινοκλέος
860 3115 951 3197 ὑὸ[ς]
976 3116 1149 3196 οἰκονόμος

429 3218 603 3297 Πρατόλας
625 3217 809 3296 Δεξιμάχου

430 3318 647 3398 Δαμοκράτης
669 3318 931 3398 Ἀριστοκρατίδα
954 3318 1053 3398 κάρυξ

376 3487 381 3501 ‚
430 3420 596 3500 Εὐκράτης
619 3420 843 3499 Εὐρυκράτεος
865 3419 976 3498 μάντις

432 3520 648 3600 Καλλικράτης
672 3521 710 3584 Νι
725 3567 875 3584 .......
898 3542 936 3598 ος
951 3566 1039 3586 .....

351 3641 397 3699 15.
432 3623 643 3702 Νικανδρίδας
667 3621 704 3686 Νι
720 3672 819 3686 .....
843 3621 999 3701 ὀαριστάς

428 3724 651 3804 Εὐδαιμοκλῆς
673 3773 680 3786 .
703 3771 710 3787 .
733 3773 739 3787 .
762 3775 769 3787 .
792 3723 851 3802 ὑὸς
873 3724 954 3787 κατὰ
975 3723 1077 3802 νόμον

429 3825 648 3905 Δαμοκράτης
671 3824 867 3905 ἀρχιτέκτων

431 3925 615 4005 Μαντικλῆς
638 3927 853 4005 Σωστρατέος
876 3926 995 4006 μυρεάς

429 4026 647 4106 Δαμοκράτης
670 4027 842 4107 χρυσωτάς

346 4145 394 4188 20.
429 4127 610 4206 Φιλωνίδας
633 4129 797 4193 Φιλωνίδα
820 4129 1052 4208 Καρνεονείκας

429 4226 651 4307 Ἀριστόπολις
672 4229 907 4309 Δαμοχάρισος
929 4229 1010 4293 κατὰ
1031 4228 1133 4307 νόμον

427 4329 630 4410 Πρατόνικος
653 4331 686 4397 ἐξ
708 4330 858 4410 Περφίλα
880 4330 1030 4409 κλωστάς
