3234 5109
755 407 771 461 7

218 575 375 631 elaborare
398 573 494 632 iussit.
526 573 681 642 Iuvenem,
706 574 756 647 qui
777 573 808 629 in
824 591 907 630 aram
929 572 1013 641 libat,
1036 573 1197 647 suspiceris
1218 572 1313 634 filium

218 675 344 733 Danaes
368 692 447 732 esse.
486 673 565 731 Nam
586 692 656 732 cum
679 674 738 731 hoc
761 675 799 731 sit
823 674 920 733 cultus
943 675 1050 750 privati
1070 683 1312 743 monumentum,

198 778 362 834 sacerdos
384 776 524 850 publicus
546 777 662 833 nullum
685 777 786 833 locum
807 776 911 844 hahet,
938 794 1041 850 neque
1063 776 1226 849 coniugem
1247 793 1313 831 mu·

217 877 295 934 lieris
318 876 367 934 hic
390 877 624 953 deprehendere
640 879 802 952 quisquam
818 878 874 935 sibi
890 879 1051 946 videbitur,
1075 879 1219 952 quoniam
1241 878 1313 933 titu-

217 978 262 1034 lus
285 975 411 1036 Danaes
435 986 554 1035 tantum
576 980 764 1037 mentionem
787 979 868 1036 iacit.
920 981 963 1037 At
995 980 1070 1053 quid
1100 978 1157 1036 sibi
1179 979 1241 1035 vult
1264 977 1313 1035 illa

187 1145 192 1160 x
217 1077 354 1135 Victoria
387 1096 533 1137 coronam
564 1098 657 1137 manu
692 1077 837 1155 gestans?
886 1079 966 1137 Nihil
1002 1080 1119 1137 facilius
1145 1079 1313 1137 intellectu.

218 1179 312 1254 Lege,
336 1198 462 1255 quaese,
485 1161 683 1249 historiolam,
707 1198 798 1257 quam
823 1183 862 1238 de
879 1181 991 1239 Iasone
1005 1189 1133 1255 tyranno
1149 1180 1314 1237 Pherarum

218 1282 302 1338 urbis
321 1282 520 1340 Thessalicae
537 1283 709 1359 Polyaenus
734 1282 873 1357 (strateg.
889 1282 941 1352 VI,
964 1300 989 1351 1,
1006 1279 1040 1360 3)
1054 1290 1178 1340 narrat:
1200 1275 1314 1342 Ἰάσων

162 1421 164 1432 ι
216 1378 359 1456 πόλεμον
385 1380 519 1458 νικήσας
542 1380 604 1459 ἔφη
628 1381 711 1459 πρὸς
742 1380 801 1457 τὴν
829 1382 960 1460 μητέρα,
987 1381 1065 1457 τοὺς
1086 1379 1315 1458 Διοσκούρους

217 1479 471 1558 φανερωτάτους
505 1480 593 1565 αύτῷ
621 1482 773 1557 γενέσθαι
805 1482 1011 1561 συμμάχους,
1047 1481 1099 1545 καὶ
1133 1480 1186 1545 διὰ
1215 1482 1313 1543 τοῦτο

218 1580 371 1646 εὔξασθαι
392 1582 527 1660 νικήσας
550 1583 672 1647 Ξενίσαι
694 1583 773 1660 τοὺς
800 1583 909 1661 θεούς·
933 1582 1118 1661 κεκληκέναι
1135 1583 1173 1645 δὲ
1189 1579 1241 1644 ἐπὶ
1255 1581 1313 1657 τὴν

217 1681 314 1760 εύχήν
342 1682 420 1759 τοὺς
445 1680 608 1762 ἡγεμόνας
635 1687 694 1747 τού
723 1684 966 1762 στρατεύματος
996 1684 1047 1747 καὶ
1074 1682 1237 1761 λοχαγοὺς
1263 1681 1315 1744 καὶ

216 1784 408 1864 ταξιάρχους
441 1785 493 1848 καὶ
525 1786 603 1864 τοὺς
625 1786 785 1856 ,ἐντέλει
811 1786 944 1864 πάντας.
987 1784 1021 1849 Ἡ
1050 1787 1086 1850 δὲ
1108 1782 1314 1848 πιστεύσασα
1364 1799 1366 1804 ’
1449 1806 1453 1830 ι

217 1884 379 1964 ὅσονέἶχε
395 1886 520 1963 κόσμον
536 1887 743 1966 ἐκπωμάτων,
761 1887 940 1966 κρατήρων,
962 1889 1138 1967 τραπεζῶν,
1162 1884 1314 1963 ἀργύρου,

217 1986 467 2065 χρυσούιπάντα
490 1986 648 2065 ἔπεμψεν·
686 1987 704 2051 ὁ
727 1989 763 2052 δὲ
786 1990 917 2051 πολλῶν
939 1986 1110 2066 χρημάτων
1132 1986 1241 2064 κύριος
1263 2005 1314 2060 γε·

218 2087 365 2166 νόμενος,
396 2088 454 2152 τὸν
485 2088 602 2165 μισθὸν
625 2087 773 2153 ἀπέδωκε
795 2092 864 2166 τοῖς
887 2087 1110 2168 μισθοφόροις.
1161 2091 1210 2147 Ειι
1232 2108 1315 2148 com·

217 2193 385 2249 mentarius
400 2193 657 2250 luculentissimus
673 2193 835 2268 anaglyphi
855 2194 950 2250 nostri
965 2211 1067 2267 neque
1087 2194 1187 2249 minus
1210 2192 1315 2248 xenio·

115 2351 118 2360 .
222 2310 298 2361 rum,
320 2294 422 2367 qualia
445 2295 529 2369 apud
552 2292 721 2352 Thessalos
748 2295 868 2352 luerint.
902 2294 1011 2369 quue
1032 2295 1131 2367 magis
1153 2293 1212 2350 hoc
1235 2294 1315 2350 valet

218 2396 436 2464 testimonium,
471 2395 617 2470 quoniam
649 2396 853 2472 anaglyphum
876 2396 995 2454 Iasonis
1029 2396 1092 2453 iere
1110 2395 1315 2480 ¹temporibus

171 2553 173 2562 .
218 2498 353 2572 positum
376 2514 445 2553 esse
468 2498 629 2555 verisimile
646 2497 690 2564 ,iit
712 2515 749 2553 ex
772 2496 927 2555 literarum
950 2496 1047 2553 forma
1070 2503 1163 2569 atque
1186 2512 1224 2551 ex
1246 2493 1317 2551 arti·

216 2598 285 2656 ficio
310 2600 420 2674 operis

227 2751 232 2758 .
319 2701 382 2758 Sed
413 2702 455 2758 ad
488 2701 679 2778 propositum
712 2708 855 2760 revertor.
909 2699 1002 2757 Iason
1032 2698 1122 2775 dixit,
1156 2696 1315 2755 Dioscuris

200 2801 381 2859 manifeste
405 2802 620 2859 adiuvantibus
643 2802 800 2859 victoriam
825 2818 895 2857 sese
910 2808 1084 2875 reportasse
1098 2797 1131 2871 ¹),
1153 2815 1254 2873 eaque
1276 2799 1315 2855 de
1368 2825 1371 2834 =

219 2922 313 2961 causa
336 2905 425 2960 xenia
450 2905 494 2960 eis
511 2905 645 2962 ‘vovisse
700 2903 798 2960 Vides
824 2903 915 2976 igitur
941 2902 1019 2959 haec
1046 2901 1137 2958 xenia
1159 2908 1316 2972 tamquam

219 3001 354 3064 ἐπινίκια
377 3005 416 3061 ab
438 3004 550 3061 Iasone
566 3021 634 3060 esse
650 3005 799 3062 instituta.
831 3003 895 3059 Iam
917 3021 981 3060 non
1004 3001 1209 3077 explicatione
1231 3009 1317 3057 caret
1382 3051 1384 3060 ,

218 3104 269 3161 illa
292 3104 447 3162 Victoriae
470 3105 574 3178 figura.
630 3104 677 3161 Ita
705 3105 787 3160 enim
816 3121 863 3161 res
886 3121 919 3160 se
938 3102 1078 3160 habuerit
1100 3119 1231 3159 necesse
1253 3109 1316 3159 est:

220 3205 329 3266 Danae
354 3206 394 3263 ob
410 3206 544 3281 aliquam
560 3205 717 3262 victoriam
739 3199 884 3282 (fortasse
899 3203 964 3277 filii)
985 3203 1144 3260 Dioscuris
1168 3203 1317 3260 lectister-

216 3308 302 3366 nium
324 3308 487 3365 celebravit
516 3315 609 3383 atque
637 3324 790 3363 unacum
812 3305 990 3362 lectisternii
1013 3303 1197 3361 caerimonia
1218 3304 1316 3379 ipsam

217 3426 344 3483 quoque
367 3409 524 3466 victoriam
545 3410 575 3466 in
598 3426 749 3465 marmore
771 3407 1012 3482 exsculpendam
1035 3406 1151 3463 curavit
1162 3403 1199 3477 ²).

216 3584 414 3592 ——-.-—.-—

322 3701 346 3769 1)
364 3703 511 3767 Pervagata
530 3708 586 3751 erat
605 3703 675 3768 apud
688 3709 791 3751 veteres
811 3701 903 3766 opinio
923 3716 982 3750 cum
1000 3700 1069 3751 alios
1088 3702 1155 3751 deos
1174 3707 1201 3749 et
1219 3700 1316 3750 heroes

217 3798 272 3841 tum
302 3791 414 3840 maxime
442 3791 589 3840 Dioscuros
619 3790 647 3839 in
672 3791 768 3856 pugnis
801 3790 934 3841 interdum
964 3797 1118 3855 praesentes
1145 3789 1253 3847 adesse;
1283 3790 1316 3842 ci.

217 3880 348 3945 Polyaen.
370 3885 441 3929 strat.
456 3881 478 3938 Ι,
498 3892 540 3943 41,
563 3892 585 3929 1.
615 3879 685 3930 Plut.
700 3881 762 3943 Lys.
784 3892 825 3930 12.
845 3880 899 3929 Cic.
919 3879 953 3928 de
972 3879 1025 3930 div.
1044 3880 1067 3939 Ι,
1088 3891 1130 3944 34,
1150 3890 1191 3943 75.
1212 3879 1245 3928 de
1264 3884 1316 3931 nat.

218 3969 292 4018 deor.
312 3968 349 4025 ΙΙ,
370 3979 393 4025 2,
415 3966 443 4025 6;
465 3967 516 4025 III,
537 3979 560 4032 5,
583 3979 622 4029 13.
643 3983 667 4017 v.
687 3967 836 4016 Prellemm
854 3971 920 4017 riim.
939 3970 1022 4033 myth.
1040 3984 1066 4033 p.
1082 3967 1134 4034 65ss
1145 3983 1202 4034 sqq.
1221 3967 1316 4017 Memi-

218 4056 289 4106 neris
299 4053 457 4121 Apollinem
468 4061 494 4104 et
503 4056 711 4121 Neoptolemum
721 4055 844 4119 Delphis,
863 4054 1004 4104 Echetlum
1023 4062 1050 4104 et
1066 4057 1166 4105 Panem
1182 4056 1210 4105 in
1228 4071 1317 4121 pugna

218 4143 542 4192 Marathonia'adiutores
570 4159 599 4192 se
629 4144 801 4208 praestitisse,
831 4159 864 4193 ne
893 4144 927 4193 de
946 4143 1031 4193 Aiace
1050 4143 1153 4209 loquar,
1177 4144 1220 4193 cui
1238 4143 1317 4194 Locri

218 4246 329 4280 vacuum
345 4230 374 4279 in
393 4231 448 4280 acie
468 4231 580 4296 spatium
598 4230 791 4295 relinquebant.

320 4316 348 4388 2)
369 4320 464 4369 Lectus
484 4320 590 4369 coronis
618 4327 645 4370 et
669 4320 764 4385 palmis
791 4327 942 4385 exornatus,
972 4322 1015 4371 cui
1041 4321 1192 4387 adpositum
1213 4326 1253 4369 est
1271 4333 1316 4369 vas
