3234 5109
749 411 782 464 ³9

219 577 263 634 vir
276 578 424 635 barbatus
440 586 533 653 caput
546 577 682 634 hederae
698 576 777 633 foliis
792 576 957 649 baccisque
977 575 1168 643 redimitum3
1191 572 1319 634 vestitus

219 687 267 736 est
303 678 424 736 chitone
456 681 644 737 ornamentis
674 680 821 736 distincto
832 675 866 754 ¹).
926 677 1043 735 Dextra
1074 694 1183 734 manus
1216 676 1321 733 nititur
1420 718 1423 725 .

221 797 315 849 coxa3
338 781 457 838 laevam
475 780 569 856 paulo
585 781 662 844 tollit
679 798 718 838 eo
733 781 839 848 modu,
862 787 895 837 ut
912 779 1027 852 aliquid
1044 785 1227 851 accepturus
1250 793 1319 833 esse

219 882 359 939 videatur
372 880 396 954 ²)
424 900 442 938 a
470 882 592 951 femina,
621 899 712 956 quam
735 882 844 938 dextra
865 881 897 936 in
931 880 1044 955 duplici
1066 880 1165 952 gradu
1187 885 1321 935 stantem

220 983 315 1042 vides.
345 980 461 1039 Dextra
477 984 558 1039 enim
580 1000 672 1041 manu
696 983 759 1050 viro
783 982 872 1039 offert
894 999 957 1038 rem
979 981 1136 1055 quandam
1155 978 1320 1036 rotundam

220 1077 414 1161 (pateram?)‚
444 1085 474 1140 in
503 1102 565 1159 qua
592 1085 693 1158 posita
720 1092 768 1142 est
786 1102 835 1141 res
858 1092 959 1141 ovata.
1005 1082 1142 1139 Alterum
1162 1079 1321 1138 brachium

221 1171 356 1242 adlatus
374 1187 541 1259 dependet.
577 1182 712 1260 Capillos
727 1184 823 1241 habet
838 1185 962 1252 recisos,
986 1183 1095 1258 quibus
1111 1182 1183 1239 folia
1204 1182 1322 1242 intexta

139 1319 141 1324 ·
222 1295 300 1344 sunt.
344 1286 457 1350 Induta
489 1295 536 1343 est
568 1285 661 1361 longo
697 1285 819 1343 chitone
850 1286 1019 1351 succinct0,
1055 1284 1141 1341 cuius
1168 1282 1321 1355 margines

219 1403 277 1452 acu
292 1389 365 1463 picti
386 1395 472 1460 sunt;
496 1387 607 1445 collum
630 1387 733 1443 monili
755 1386 897 1456 baccat0‚
919 1385 1044 1443 brachia
1069 1385 1189 1442 armillis
1212 1390 1322 1441 ornata

220 1497 299 1554 sunt.
344 1488 407 1546 Sub
432 1489 512 1546 lecto
543 1488 649 1546 artifex
683 1490 762 1546 duos
795 1488 918 1562 Satyros
949 1487 1095 1545 barbatos
1124 1486 1235 1561 pinxit3
1257 1502 1322 1541 non

222 1591 383 1649 invenuste
406 1591 486 1648 iuter
508 1590 602 1647 fulcra
624 1591 655 1646 in
677 1590 805 1666 pellibus
828 1590 871 1647 ita
894 1591 1017 1658 cubant,
1046 1595 1081 1645 ut
1102 1589 1137 1657 is,
1160 1587 1212 1661 qui
1234 1586 1322 1643 laeva

223 1692 437 1767 conspiciatur,
461 1692 666 1748 sinistrorsum
682 1693 794 1748 sedens
816 1699 925 1766 pectus
947 1691 1151 1765 humerosque
1174 1689 1321 1746 adversos

225 1792 382 1859 ostendat,
430 1800 522 1866 caput
561 1800 664 1848 autem
693 1792 723 1846 in
753 1792 893 1848 dextram
926 1799 1033 1859 vertat,
1067 1791 1168 1848 socius
1206 1796 1322 1857 contra,

225 1893 310 1949 cuius
333 1909 435 1966 genua
456 1892 579 1967 palliolo
602 1899 685 1949 tecta
706 1900 786 1959 sunt,
815 1893 1008 1948 dextrorsum
1034 1891 1149 1948 cubans
1179 1898 1217 1947 et·
1240 1897 1321 1948 retro

225 1993 392 2068 respiciens
415 2013 433 2051 a
456 2001 543 2067 tergo
576 1993 722 2052 videatur.
772 1992 938 2067 Vtriusque
973 2002 1066 2068 caput
1099 1992 1217 2049 hedera
1242 1992 1321 2049 redi-

223 2095 331 2151 mitum
353 2103 409 2151 est.
454 2093 540 2151 Alter
561 2112 667 2152 secum
680 2094 776 2151 habet
790 2113 844 2152 vas
867 2095 1014 2151 vinarium
1035 2088 1167 2170 (πίθον),
1190 2093 1238 2151 cui
1258 2093 1322 2153 lae·

225 2212 295 2253 vum
316 2195 475 2253 brachium
497 2189 640 2272 imponit;
664 2197 741 2253 alter
764 2214 796 2253 se
820 2197 952 2253 acclinat
973 2197 1004 2252 in
1027 2205 1134 2255 utrem.

323 2296 559 2355 Lectisternium
581 2297 630 2355 hic
653 2315 721 2355 esse
744 2306 1009 2373 repraesentatum
1030 2297 1109 2355 ultro
1131 2297 1321 2373 perspicitur.

222 2396 331 2472 Neque
359 2398 460 2455 multis
483 2415 639 2471 exponere
661 2415 739 2473 opus
760 2407 807 2455 est
829 2399 942 2456 lectum
964 2398 1088 2457 Baccho
1110 2407 1142 2456 et
1164 2398 1340 2455 Ariadnae

226 2507 367 2580 paratum
397 2515 476 2556 esse.
519 2496 607 2556 Duos
634 2499 714 2555 enim
742 2488 1023 2575 deos'exspectari
1055 2501 1118 2556 duo
1144 2499 1185 2556 illi
1209 2499 1322 2574 pulvini

223 2600 348 2659 docent.
388 2600 490 2674 Atque
514 2617 569 2656 sua
593 2600 661 2657 loca
682 2601 742 2656 iam
765 2601 906 2658 obtinent
928 2601 1035 2674 Satyri,
1059 2600 1173 2658 Bacchi
1194 2601 1323 2658 ministri
1417 2665 1420 2670 ¹

222 2708 253 2757 et
263 2702 394 2778 ‘comites
404 2697 440 2776 Β),
463 2704 515 2776 qui
529 2702 603 2757 satis
619 2719 763 2776 magnam
780 2702 901 2776 copiam
912 2703 973 2758 vini
986 2703 1043 2759 sibi
1058 2708 1320 2776 comparaverunt.

220 2801 345 2858 Adsunt
361 2804 412 2859 dei
428 2820 562 2877 quoque,
585 2804 643 2859 sed
654 2810 688 2859 ut
702 2800 846 2861 Dioscuri
867 2820 982 2877 supra
1004 2803 1118 2861 lectum
1138 2809 1227 2860 erant
1249 2820 1322 2860 con·

221 2903 318 2977 spicui
340 2899 392 2975 (cf.
408 2922 437 2979 p.
450 2919 468 2976 5
483 2906 553 2979 sq),
585 2905 629 2961 ita
655 2903 794 2961 Bacchus
818 2912 850 2961 et
869 2905 1004 2963 Ariadne
1032 2905 1145 2962 lectum
1170 2921 1234 2960 non
1261 2903 1321 2960 iam

221 3076 420 3083 ——.-—--

323 3185 349 3255 1)
370 3188 445 3237 Circa
469 3187 539 3238 talos
565 3188 681 3237 lineolae
707 3189 744 3238 ita
767 3189 854 3254 pictae
880 3195 1013 3254 apparent,
1042 3195 1071 3238 ut
1091 3189 1198 3238 credere
1223 3189 1321 3254 possis,

220 3276 304 3326 virum
323 3277 385 3327 artis
406 3277 493 3326 bracis
514 3276 635 3325 indutum
655 3292 721 3327 esse.
752 3276 807 3326 Sed
827 3278 889 3342 quia
907 3278 935 3325 in
954 3278 1074 3326 cruribus
1093 3277 1168 3326 nulla
1185 3278 1322 3326 bracarum

220 3366 334 3428 vestigia
351 3366 495 3431 conspicua
513 3369 581 3423 sunt,
601 3365 656 3413 veri
673 3365 786 3414 similius
811 3371 851 3413 est
870 3364 931 3414 illas
951 3365 1065 3414 lineolas
1084 3372 1128 3415 aut
1148 3366 1255 3415 omnino
1268 3382 1323 3416 nou

175 3491 180 3503 .
222 3453 340 3502 adfuisse
360 3460 404 3503 aut
424 3469 439 3502 a
457 3453 631 3502 Tischbeinio
651 3469 705 3502 non
723 3459 794 3502 recte
813 3468 872 3502 esse
891 3453 1050 3504 intellectas.

322 3540 348 3607 2)
371 3541 426 3591 Sed
447 3557 480 3590 ne
499 3542 608 3591 nimium
627 3543 689 3591 huic
708 3542 810 3592 brachii
828 3543 912 3592 motui
933 3543 1087 3603 tribuamus,
1115 3559 1211 3592 moneo
1244 3542 1322 3592 artifi-

222 3645 279 3679 cem
298 3647 358 3680 eum
376 3637 480 3693 gestum
505 3633 581 3696 quasi
599 3632 628 3680 in
645 3631 773 3697 penicillo
797 3632 934 3691 habuisse,
965 3633 1064 3698 quippe
1083 3632 1129 3697 qui
1147 3632 1261 3680 eundem
1280 3647 1322 3681 ex·

222 3718 339 3768 hibuerit
363 3720 391 3767 in
409 3719 493 3768 laevis
513 3719 628 3767 brachiis
648 3719 761 3768 feminae
780 3726 806 3769 et
826 3719 933 3769 alterius
953 3719 1038 3785 Satyri
1060 3720 1211 3785 pingendis.
1247 3718 1323 3769 Simi-

221 3806 282 3856 liter
302 3807 386 3856 altera
407 3807 516 3857 brachia
542 3807 678 3871 eleganter
703 3808 881 3873 dependentia
900 3814 1047 3858 monstrant
1071 3808 1178 3871 figurae,
1209 3809 1322 3873 quaein

222 3893 336 3960 lecythis
356 3894 425 3945 albis
445 3902 471 3944 et
490 3896 518 3944 in
536 3897 644 3945 vasibus
664 3896 835 3959 elegantioris
857 3897 920 3946 artis
939 3897 1026 3963 pictae
1045 3903 1114 3947 sunt.

321 3982 349 4047 3)
369 3982 491 4032 Conferri
508 3989 598 4048 potest
616 4000 674 4033 mos
694 3984 802 4048 quidam
820 3985 967 4043 Persarum,
996 3985 1029 4034 de
1049 4001 1102 4049 quo
1121 3985 1182 4034 vide
1202 3983 1322 4033 Heracli-

223 4071 283 4119 dem
303 4069 445 4120 Cumaeum
464 4088 505 4137 ap.
525 4073 624 4122 Athen.
641 4074 690 4132 IV,
712 4085 795 4137 145c:
821 4074 866 4124 καὶ
885 4073 954 4124 ὅταν
974 4070 1120 4125 εἰσέλθωσι
1140 4072 1187 4138 (sc.
1207 4071 1235 4124 ol
1254 4084 1321 4137 συμ-

222 4159 328 4224 πόται),
350 4157 519 4223 συμπίνουσι
538 4161 597 4222 μετ’
616 4161 704 4213 αὐτοῦ
724 4159 834 4227 (soror)
855 4160 998 4225 βασιλέως)
1017 4161 1051 4213 οὐ
1071 4160 1122 4213 τὸν
1141 4161 1228 4214 αὐτὸν
1242 4163 1321 4214 οἶνον

224 4246 362 4300 κάκεῖνοι·
382 4249 427 4299 καί
447 4246 480 4300 ol
499 4249 558 4312 μὲν
577 4250 680 4313 χαμαὶ
705 4248 908 4314 καθήμενοι,
927 4250 944 4302 ὁ
963 4248 987 4301 δ’
1007 4250 1053 4303 ἐπὶ
1071 4248 1166 4315 κλίνης
1183 4249 1321 4316 χρυσόπσ·
1419 4273 1421 4276 ·

225 4336 273 4399 δος
291 4334 497 4401 κατακείμενος.
528 4337 610 4386 Adde
629 4337 805 4387 Posidonium
825 4354 864 4403 ap.
883 4338 983 4389 Athen.
1002 4340 1051 4398 IV,
1073 4339 1149 4403 152i.
1165 4353 1204 4405 sq.
