3234 5109
1600 365 1660 417 51

531 539 717 589 tenet>
748 531 1019 606 thyrsum
1062 533 1272 600 taenia
1317 542 1617 595 omatum.
1669 567 1740 575 —
1788 536 2018 594 Totum
2063 554 2219 611 opus
2264 554 2391 595 non
2433 536 2731 595 mediocri

529 635 907 707 praestantia
951 643 1064 694 est.
1166 633 1298 691 Nec
1349 653 1580 705 vereor,
1643 655 1721 693 ne
1778 657 1813 695 a
1872 639 2124 695 veritate
2178 656 2304 694 non
2354 639 2723 707 aberremuS,

533 734 583 790 si
628 735 948 792 statuimus
992 735 1284 792 artificem
1329 736 1657 812 anaglyphi
1703 756 1739 793 a
1788 737 2092 795 Praxitele
2140 755 2276 794 esse
2319 739 2685 812 profectum.

734 836 1165 912 Interpretatio
1230 838 1497 914 mythica
1552 840 1651 897 hic
1707 850 1923 916 aperte
1976 840 2205 897 nullum
2262 840 2463 897 locum
2522 839 2753 901 habet..

536 938 836 1013 Namque,
902 947 968 995 ut
1025 940 1220 1014 primo
1277 941 1495 998 obtutu
1541 941 1762 1009 elucet,
1820 948 2088 1015 quantae
2133 940 2253 997 sint
2299 941 2723 999 similitudines

495 1040 706 1096 *huius
753 1040 1078 1115 anaglyphi
1122 1059 1259 1098 cum
1323 1035 1796 1116 ‘necrodipnis',
1864 1042 1949 1097 ita
2014 1059 2093 1097 ne
2171 1041 2436 1097 dubitari
2477 1042 2728 1115 quidem

533 1148 760 1215 potest,
807 1142 954 1216 quin
983 1141 1101 1199 hoc
1140 1143 1217 1199 sit
1248 1142 1656 1217 anaglyphum
1702 1143 2033 1218 sepulcrale
2079 1143 2203 1199 sive
2246 1143 2471 1198 rectius
2516 1142 2729 1231 tabula

533 1244 734 1301 votiva
778 1242 1005 1300 homini
1050 1251 1414 1301 consecrato
1476 1245 1781 1303 dedicata.
1859 1243 2002 1301 Huc
2048 1244 2206 1299 enim
2251 1244 2415 1302 illum
2461 1262 2727 1318 anguem
2821 1241 2826 1252 “

535 1352 813 1419 spectare
845 1352 1077 1401 certum
1109 1353 1221 1403 est.
1296 1344 1438 1402 Scio
1471 1346 1760 1419 equidem
1790 1362 2056 1419 anguem
2086 1362 2213 1401 non
2261 1345 2447 1401 fuisse
2491 1341 2725 1401 merum

501 1444 869 1532 ⁸symbolum
902 1445 1402 1523 consecrationist
1474 1445 1597 1502 Sed
1631 1463 1769 1502 cum
1800 1462 2032 1521 angues
2064 1446 2125 1501 in
2157 1445 2398 1520 angulis
2444 1446 2725 1502 recondi-

510 1546 781 1602 >tioribus
826 1546 1191 1620 templorum
1239 1542 1346 1618 (cf.
1379 1565 1431 1604 e.
1457 1564 1516 1619 g.
1547 1547 1651 1604 Ar.
1694 1545 1849 1604 Plut.
1897 1565 1950 1604 v.
1984 1561 2057 1621 73
2068 1541 2131 1621 3)
2190 1555 2252 1602 et
2304 1546 2723 1621 sepulcrorum

529 1642 633 1723 (cf.
683 1644 964 1703 Gerhard
1021 1646 1235 1704 auserl.
1294 1644 1522 1702 vasenb.
1567 1644 1673 1710 ΠΙ,
1732 1646 1854 1705 tab.
1898 1661 2049 1719 192;
2104 1662 2237 1721 199.
2320 1645 2619 1705 Trinksch.
2668 1666 2723 1706 u.

525 1746 647 1826 ges.
682 1747 755 1815 ΙΙ,
804 1746 928 1806 tab.
969 1741 1070 1822 16)
1119 1754 1521 1815 versarentur,
1566 1747 1732 1803 unde
1765 1729 2196 1822 prorepebant,
2242 1756 2311 1804 ut
2356 1749 2542 1805 sacris
2590 1748 2722 1805 deis

529 1848 622 1905 vel
676 1847 963 1905 heroibus
1026 1847 1248 1904 oblatis
1306 1857 1728 1916 vescerentur,
1784 1849 1903 1903 iam
1958 1848 2389 1905 vetustioribus
2438 1848 2725 1923 tempori-

528 1950 644 2006 bus
708 1950 860 2006 tales
931 1965 1162 2024 angues
1231 1950 1324 2005 vel
1390 1965 1503 2023 pro
1561 1948 1772 2005 Geniis
1833 1949 1926 2005 vel
1995 1967 2106 2023 pro
2169 1950 2314 2024 ipsis
2375 1925 2723 2006 numinibus

527 2050 925 2109 habebantur.
1013 2050 1232 2125 Itaque
1275 2051 1500 2115 evenit,
1565 2059 1633 2107 ut
1694 2052 1757 2107 in
1811 2052 2220 2107 monumentis
2284 2051 2721 2127 sepulcralibus

529 2160 591 2208 et
653 2152 868 2208 votivis
934 2159 1066 2220 tam*
1116 2169 1304 2227 saepe
1367 2169 1598 2226 angues
1660 2160 2000 2227 appareant
2054 2152 2214 2208 esuri
2272 2170 2478 2210 sacras
2530 2154 2723 2228 dapes

526 2254 619 2309 vel
673 2270 880 2328 poma,
942 2270 1101 2327 quae
1161 2253 1239 2310 ab
1288 2251 1633 2309 hominibus
1680 2252 2079 2310 adorantibus
2126 2261 2233 2310 aut
2274 2254 2352 2311 ab
2398 2254 2543 2328 ipsis
2590 2255 2723 2311 deis

527 2353 894 2411 heroibusve
939 2355 1028 2411 eis
1074 2354 1410 2411 offeruntur
1430 2350 1499 2431 ¹).

729 2454 838 2511 Vir
902 2455 1086 2531 igitur
1151 2462 1543 2526 consecratus
1615 2472 1751 2511 cum
1819 2473 2005 2512 uxore
2074 2464 2571 2532 repraesentatus
2630 2464 2725 2514 est

531 2556 840 2614 Bacchum
904 2555 1170 2630 hospitio
1238 2556 1566 2630 excipiens,
1676 2556 1831 2613 Inde
1903 2557 2102 2632 colligi
2165 2566 2373 2632 potest
2442 2558 2720 2615 homines

527 2666 668 2731 post
695 2665 956 2714 mortem
988 2657 1120 2713 eius
1167 2656 1473 2713 fabulatos
1519 2674 1659 2713 esse
1706 2659 1784 2712 de
1832 2658 1937 2715 tali
1975 2658 2241 2733 hospitio
2287 2659 2513 2718 divino,
2582 2658 2723 2731 Qua

526 2776 589 2815 re
647 2758 924 2825 efficitur,
992 2766 1061 2814 ut
1117 2759 1618 2815 adnumerandus
1678 2759 1754 2815 sit
1814 2759 1924 2815 illis
1969 2759 2286 2830 heroibus,
2357 2762 2436 2818 de
2505 2761 2722 2835 quibus

528 2878 710 2934 supra
754 2859 1215 2934 disputavimus
1283 2859 1614 2917 Praeclaris
1664 2861 1843 2917 fuerit
1897 2862 2216 2918 virtutibus
2264 2870 2327 2918 et
2371 2863 2721 2932 sanctitate,

527 2963 676 3018 dum
722 2963 968 3028 viveret,
999 2979 1260 3019 necesse
1293 2970 1406 3029 est,
1453 2979 1528 3019 ac
1573 2961 1701 3018 fieri
1747 2970 1973 3036 potest,
2020 2970 2087 3018 ut
2110 2964 2462 3020 sacerdotio
2495 2964 2722 3021 Bacchi

527 3062 771 3120 functus
829 3062 923 3119 sit.
1016 3059 1223 3132 Quare
1279 3081 1358 3118 ne
1419 3080 1493 3119 ea
1532 3064 1782 3136 quidem
1828 3063 2095 3137 suspicio
2141 3063 2376 3120 absona
2422 3065 2724 3122 videbitur

523 3173 774 3238 gentem
829 3162 1007 3218 huius
1065 3161 1267 3219 herois
1319 3162 1629 3220 Bacchum
1684 3162 1972 3221 habuisse
2025 3160 2179 3225 Θεὸν
2228 3166 2553 3245 πατρῷον,
2625 3168 2723 3223 cui
2821 3177 2825 3181 “

524 3266 705 3322 xenia
749 3281 860 3339 pro
907 3264 1094 3321 sacris
1137 3265 1459 3339 gentiliciis
1507 3264 1975 3322 celebrarentur.

728 3488 776 3554 1)
817 3489 897 3540 Cf.
930 3487 1096 3538 schol.
1127 3489 1194 3536 ad
1219 3488 1316 3538 Ar.
1343 3487 1484 3539 Plut.
1517 3488 1552 3538 1.
1582 3504 1624 3538 c.
1667 3490 1869 3549 κοινῶς
1896 3488 1995 3551 μὲν
2033 3488 2124 3540 καὶ
2161 3492 2278 3551 τοῖς
2317 3488 2503 3552 ἄλλοις
2540 3490 2720 3555 ἥρωσι

523 3577 825 3644 δράκοντες
849 3574 1234 3643 παρετίθεντο,
1264 3576 1557 3642 ἐξαιρέτως
1585 3577 1646 3629 δὲ
1671 3580 1754 3643 τῷ
1781 3576 2113 3643 Ἀσκληπιῷ.
2153 3576 2316 3625 Adde
2342 3578 2482 3628 Plut.
2513 3578 2717 3629 Cleom.

522 3674 649 3717 extr.
698 3665 752 3719 οἱ
799 3667 1026 3719 παλαιοὶ
1068 3664 1305 3728 μάλιστα
1342 3667 1459 3716 τῶν
1498 3664 1663 3717 ζώων
1706 3664 1807 3715 τὸν
1846 3662 2125 3730 δράκοντα
2163 3668 2283 3727 τοῖς
2318 3666 2498 3731 ἥρωσι
2537 3679 2716 3734 συνῳ-

524 3753 782 3808 κείωσαν.
811 3783 876 3791 -
905 3755 1086 3804 Velim
1110 3755 1165 3803 in
1188 3754 1492 3803 memoriam
1512 3769 1730 3803 revoces
1754 3753 2051 3818 anaglypha
2072 3753 2169 3801 illa
2189 3752 2443 3818 Spartana
2462 3754 2717 3803 heroibus

521 3845 695 3894 dicata
740 3844 982 3906 (Dressel
1022 3850 1074 3892 et
1110 3843 1471 3891 Milchhoefer
1516 3844 1707 3894 Mitth.
1758 3844 1807 3893 d.
1860 3845 1972 3892 ath.
2012 3846 2139 3891 inst.
2177 3842 2249 3907 ΙΙ,
2297 3843 2401 3891 tab.
2434 3854 2499 3891 20
2539 3849 2590 3890 et
2623 3854 2716 3900 21;

521 3933 584 3982 cf.
624 3948 675 3997 p.
704 3933 801 3992 461
836 3929 979 3998 sqq.)
1016 3938 1066 3980 et
1102 3930 1398 3996 anaglypha
1428 3931 1634 3995 equites
1683 3931 2003 3981 exhibentia.
2043 3930 2303 3979 Adferarn
2338 3946 2507 3995 pauca
2546 3946 2715 3979 exem·

519 4000 617 4086 pla
635 4020 898 4081 graviora:
943 4020 1096 4071 Mon.
1124 4036 1166 4070 e.
1187 4037 1316 4070 ann.
1343 4022 1392 4070 d.
1415 4021 1550 4071 Inst.
1587 4019 1737 4083 1854,
1760 4021 1865 4070 tab.
1892 4021 1952 4069 X
1988 4020 2074 4085 (ε
2089 4020 2366 4069 Diitschke
2392 4026 2504 4069 ant.
2535 4021 2712 4068 bz'ldw.

520 4108 620 4168 ΠΙ,
673 4125 723 4159 n.
773 4109 926 4172 418);
981 4110 1204 4173 Heuzey
1239 4108 1406 4157 Mont
1439 4108 1725 4173 d'Olympe
1762 4116 1816 4157 et
1848 4109 2221 4167 l’Acarnam‘e,
2259 4125 2309 4173 p.
2338 4120 2439 4171 415
2469 4108 2575 4156 tab.
2603 4108 2715 4166 XI;

519 4196 591 4246 id.
637 4196 875 4247 Mission
897 4198 1047 4247 arch.
1075 4213 1139 4245 en
1159 4196 1374 4246 Μαι-ἑά.
1394 4212 1445 4260 p.
1472 4198 1592 4257 326,
1633 4213 1687 4245 n.
1719 4209 1833 4259 131.
1875 4196 2213 4259 Pervanoglu
2227 4199 2444 4260 grabst.
2471 4213 2523 4261 p.
2553 4196 2637 4255 82,
2671 4208 2715 4246 1.

517 4285 582 4334 In
619 4301 752 4336 mus,
791 4286 969 4337 Berol.
1009 4301 1110 4337 nrr.
1149 4298 1248 4349 441
1294 4291 1347 4335 et
1386 4297 1482 4349 441
1510 4285 1581 4335 A.
