3234 5109
1671 398 1733 435 12

601 562 1019 639 excogitatum
1081 569 1196 630 est,
1265 569 1332 618 ut
1384 579 1588 637 paene
1641 580 1752 637 pro
1799 571 1969 620 certo
2016 564 2226 625 haberi
2270 566 2468 639 possit
2510 566 2660 623 illud
2705 561 2797 640 εἰς

603 660 911 726 Θεοξένια
942 663 1021 720 ab
1053 662 1172 719 alio
1206 663 1477 736 quodam
1510 669 1717 719 aetate
1757 665 2156 737 praecedenti
2202 683 2342 723 esse
2388 667 2795 741 adscriptum3

599 782 675 821 ac
718 764 931 820 nescio
978 781 1058 819 an
1102 779 1180 819 eo
1224 762 1633 819 additamenti
1679 765 2013 821 auctoritas
2076 775 2394 839 augeatur.
2505 766 2798 823 Nimirum

600 864 902 923 Pindarus
951 864 1240 931 Theroni,
1285 872 1616 938 postquam
1660 866 1711 921 is
1745 864 2068 940 Olympiae
2113 868 2271 937 vicit,
2320 885 2566 925 carmen
2609 869 2795 939 misit,

599 974 669 1024 ut
708 966 773 1023 in
828 944 1203 1022 Theoxeniis
1243 982 1282 1021 a
1335 965 1520 1022 choro
1583 975 1908 1023 caneretur
1958 964 2035 1041 (v.
2081 968 2374 1025 Boeckhii
2417 970 2667 1045 explico.
2716 971 2796 1026 ad

596 1062 656 1125 h.
706 1068 741 1125 l.
789 1074 851 1123 et
893 1065 1250 1123 Dissenium
1293 1074 1424 1122 sect
1466 1064 1541 1134 H,
1588 1083 1646 1140 p.
1679 1082 1752 1137 41
1794 1065 1929 1141 sq.).

796 1167 926 1224 Iam
1000 1167 1393 1242 inspiciamus
1461 1165 1651 1239 ipsius
1713 1165 1958 1222 Pindari
2023 1167 2224 1227 verba.
2338 1169 2507 1227 Sicut
2558 1178 2796 1227 veteres

600 1263 917 1349 ῥαψῳδοί,
982 1285 1123 1325 cum
1179 1267 1348 1324 festis
1409 1267 1630 1323 diebus
1700 1268 1966 1324 carmina
2032 1285 2143 1324 sua
2208 1271 2534 1339 canebant,
2600 1272 2795 1345 primo

606 1370 780 1430 initio
826 1370 1096 1442 itemque
1145 1368 1412 1425 carmine
1453 1368 1625 1424 finito
1671 1368 1883 1442 paucis
1928 1356 2214 1426 versibus
2245 1388 2384 1425 eum
2431 1372 2616 1427 deum
2658 1389 2796 1446 pre-

601 1471 919 1556 cabantur,
964 1470 1028 1526 in
1074 1470 1244 1525 cuius
1290 1467 1588 1525 honorem
1637 1467 1863 1525 festum
1920 1470 2367 1539 celebrabatur,
2438 1472 2523 1527 ita
2571 1470 2796 1528 Pinda-

599 1591 700 1629 rus
747 1589 993 1647 quoque
1047 1572 1240 1646 primo
1296 1569 1476 1626 huius
1537 1571 1818 1627 carminis
1880 1588 2052 1628 versu
2099 1574 2347 1629 invocat
2395 1568 2794 1647 Τυνδαρίδας

601 1669 1010 1750 φιλοξείνους
1056 1690 1195 1729 cum
1223 1670 1468 1728 Helena
1516 1688 1726 1728 sorore
1774 1690 1863 1747 ae,
1909 1681 2238 1747 postquam
2284 1674 2645 1748 explicatius
2692 1692 2795 1729 ex-

599 1776 825 1850 posuit,
873 1775 1188 1848 quomodo
1221 1773 1363 1830 olim
1395 1772 1696 1830 Hercules
1729 1791 1803 1829 ex
1836 1782 1995 1829 terra
2024 1772 2564 1848 Hyperboreorum
2595 1774 2794 1830 oleam

602 1875 947 1952 Olympiam
969 1874 1403 1950 apportaverit‚
1428 1875 1540 1932 sub
1565 1874 1747 1930 finem
1773 1874 2050 1931 carminis
2078 1893 2283 1933 rursus
2307 1876 2391 1935 ad
2406 1875 2795 1949 Tyndaridas
2829 1872 2834 1880 *

579 1978 1074 2053 vtransgreditur3
1121 1996 1174 2036 v.
1223 1975 1304 2033 60
1335 1992 1455 2050 sq.:

767 2074 871 2138 καὶ
914 2073 1032 2137 νὺν
1078 2072 1148 2149 ἐς
1191 2071 1434 2136 ταύταν
1481 2071 1715 2151 ἑορτὰν
1756 2071 1943 2150 ἵλαος
1972 2071 2362 2137 ἀντιθέοισιν
2393 2074 2638 2138 νίσεται
2678 2072 2791 2153 (se.

2349 2172 2696 2254 Ἡρακλῆς)

685 2277 809 2341 σὺν
856 2274 1236 2356 βαθυζώνου
1283 2275 1610 2354 διδύμνοις
1656 2275 1840 2341 παισὶ
1878 2274 2113 2354 Λήδας.
2171 2293 2203 2312 “

599 2383 885 2457 Adiunge
926 2402 978 2440 v.
1028 2380 1105 2456 67
1142 2398 1307 2456 sqq.:
2070 2435 2084 2450 „

765 2478 877 2556 ἐμὲ
923 2483 976 2542 δ’
1025 2475 1118 2541 ὧν
1161 2498 1254 2560 πᾳ
1299 2478 1500 2555 θυμὸς
1541 2476 1796 2558 ὀτρύνει
1842 2478 2075 2558 φάμεν,
2117 2477 2516 2556 Ἐμμενίδαις

683 2578 940 2657 Θήρωνί
999 2576 1050 2642 τ’
1113 2578 1322 2642 ἐλθεῖν
1382 2582 1577 2658 κῦδος
1644 2579 1929 2644 εὐίππων
1999 2579 2312 2644 διδόντων
2368 2579 2790 2657 Τυνδαριδᾶν,

1728 2679 1847 2743 ὅτι
1898 2680 2347 2744 πλείσταισι
2403 2681 2709 2758 βροτῶν

682 2782 1014 2859 ξεινίαις
1075 2780 1368 2859 αὐτοὺς
1427 2780 1913 2860 ἐποίχονται
1972 2782 2407 2858 τραπέζαις.

597 2887 752 2944 Inde
799 2887 1088 2943 discimus
1132 2895 1194 2942 et
1243 2884 1596 2943 Theronem
1653 2896 1715 2941 et
1760 2894 1955 2942 totam
2000 2886 2498 2942 Emmenidarum
2542 2893 2793 2959 gentem

600 2988 1015 3056 consuevisse,
1048 2987 1383 3044 Dioscuros
1408 2988 1583 3061 quasi
1606 2995 1867 3062 penates
1893 2988 2086 3044 xeniis
2116 2984 2399 3060 (ξεινίαις
2422 2983 2791 3062 τραπέζαις)

599 3080 801 3148 colere
832 3088 897 3165 ¹).
1010 3089 1215 3164 Atque
1261 3089 1431 3163 quod
1476 3091 1697 3146 attinet
1742 3090 1822 3146 ad
1867 3090 1933 3160 i4d
1981 3088 2223 3156 festum,
2270 3090 2331 3145 in
2378 3105 2499 3163 quo
2548 3086 2793 3143 Pindari

596 3176 856 3266 hjmnus
904 3192 1258 3259 canebatur,
1314 3191 1613 3249 Hercules
1682 3206 1927 3267 quoque
1992 3192 2280 3248 invitatus
2346 3205 2485 3246 esse
2554 3190 2793 3244 videtur

599 3293 701 3369 (cf.
748 3312 802 3351 v.
848 3288 993 3369 60);
1058 3311 1218 3367 quae
1263 3311 1360 3350 res
1406 3302 1787 3367 quantopere
1833 3310 1971 3349 cum
2022 3290 2395 3348 Theoxeniis
2443 3289 2787 3356 conveniat,

597 3410 724 3452 non
768 3402 862 3451 est
906 3394 1076 3468 quod
1120 3394 1436 3468 explicem.

797 3495 851 3553 E
896 3495 1161 3563 scholiiS,
1209 3495 1484 3569 quamvis
1519 3494 1858 3552 admodum
1889 3494 2010 3549 sint
2041 3492 2318 3559 verbosa,
2367 3507 2495 3547 non
2538 3491 2792 3548 multum

599 3597 950 3656 edocemur.
1061 3594 1202 3654 Una
1269 3604 1476 3653 tamen
1542 3594 1867 3652 adnotatio
1924 3594 2110 3649 verbo
2156 3594 2344 3667 digna
2387 3601 2497 3652 est.
2588 3592 2790 3651 Schol.

803 3789 854 3855 1)
893 3786 1115 3838 Boeckh
1141 3788 1176 3839 l.
1200 3804 1273 3839 c.:
1312 3787 1412 3836 ‘Et
1433 3786 1861 3836 Emmenidarum
1887 3785 2018 3835 haec
2046 3801 2191 3835 sacra
2216 3786 2489 3848 gentilicia
2526 3785 2690 3834 fuisse
2730 3800 2793 3833 ex

598 3891 676 3926 vs,
698 3888 760 3940 41
795 3890 908 3941 sqq.
950 3874 1042 3940 (70
1072 3873 1211 3941 sqq.)
1251 3875 1507 3938 colligere
1546 3874 1675 3924 licet
1686 3892 1699 3933 3
1740 3882 1912 3923 utrum
1948 3882 2123 3923 tamen
2142 3875 2306 3937 Argis
2330 3889 2448 3923 cum
2488 3872 2702 3922 colonia
2737 3873 2793 3921 in

599 3963 858 4013 Rhodum
895 3964 1128 4029 indeque
1162 3963 1219 4013 in
1239 3961 1475 4014 Siciliam
1512 3964 1865 4028 pervenerint,
1906 3980 1971 4013 an
2009 3963 2074 4012 ab
2097 3962 2403 4027 Amyclaeis
2430 3961 2791 4024 Theraeisque

597 4051 878 4101 Dioscuris
918 4066 1013 4117 per
1037 4052 1264 4101 Theram
1302 4069 1462 4102 unum
1501 4068 1564 4101 ex
1585 4052 1849 4102 Theronis
1886 4052 2177 4101 maioribus
2218 4052 2285 4099 ad
2306 4050 2647 4100 Emmenidas
2688 4049 2793 4097 sint

597 4147 902 4206 propagata,
941 4156 1076 4205 quae
1102 4141 1322 4189 Miilleri
1362 4141 1629 4203 (Orchom.
1657 4157 1709 4206 p.
1732 4140 1855 4205 339)
1895 4141 2154 4190 sententia
2194 4148 2291 4199 est,
2329 4141 2384 4188 in
2420 4140 2597 4188 medio
2636 4137 2792 4186 relin-

599 4226 796 4293 quam’.
870 4228 950 4278 Cf.
988 4228 1158 4276 virum
1197 4243 1453 4277 summum
1491 4229 1556 4277 ad
1611 4228 1699 4279 Ol.
1739 4230 1794 4277 11
1842 4228 2037 4279 introd.
2087 4235 2139 4277 et
2185 4228 2241 4275 in
2290 4228 2413 4275 abb.
2455 4229 2503 4275 d.
2537 4228 2665 4275 herl.
2706 4227 2790 4274 ak.

605 4316 757 4381 1836,
798 4333 849 4382 p.
878 4330 944 4380 43
975 4333 1088 4382 sqq.
1128 4317 1201 4367 ib.
1250 4333 1301 4382 p.
1335 4318 1418 4376 89.
1499 4318 1679 4366 Minus
1719 4324 1859 4365 recte
1897 4316 2159 4366 Thiersch
2197 4316 2251 4370 1..
2274 4331 2316 4367 c.
2355 4331 2408 4380 p.
2437 4314 2540 4363 622
2582 4320 2633 4363 et
2670 4312 2790 4363 628.

2893 5048 2910 5064 s
2939 5056 2980 5073 [ἐφ
2994 5049 3002 5056 ⁴
3015 5039 3030 5049 a

2780 5062 3029 5109 uscos-xzssdzl
3049 5059 3094 5109 ΞΓ.
