3234 5109
875 440 914 504 29

276 629 279 638 “
346 627 429 677 num,
452 599 504 683 qui
515 615 653 664 montem
668 606 841 663 Palatinum
851 606 1033 674 incolerent,
1047 605 1214 663 Herculem
1227 608 1267 663 ad
1279 608 1446 683 hospitium

346 710 726 784 invitasse,·pri1numque
748 708 926 764 Evandrum
953 709 1047 764 deum
1077 708 1178 764 colere
1201 709 1371 784 incepisse;
1405 742 1446 750 -

347 807 501 884 ἀγασθεὶς
523 808 559 870 οὲ
581 807 659 883 τοὺς
682 804 877 883 ἀνθρώπους
905 807 963 882 τῆς
991 805 1178 883 φιλοξενίας
1198 804 1365 885 Ἡρακλῆς,
1387 809 1445 872 τὸν

347 909 404 986 μὲν
417 893 529 987 κδῆμον
550 907 695 970 ἑστιάσει
716 905 920 986 ὑποδέχεται,
955 906 1059 984 θύσας
1082 909 1148 970 τῶν
1171 910 1258 986 βοῶν
1281 928 1372 986 τινας
1394 909 1446 972 καὶ

345 1013 403 1086 τῆς
425 1008 526 1087 ἄλλης
549 1008 637 1085 λείας
659 1008 718 1085 τὰς
735 1006 873 1087 δεκάτας
893 1007 1021 1072 ἐξελών.
1056 1010 1152 1069 Paulo
1166 1011 1243 1069 infra
1259 1013 1301 1069 ad
1314 1012 1444 1069 Potitios

350 1123 382 1171 et
393 1113 532 1170 Pinarios
555 1114 639 1168 venit
659 1120 776 1179 auctor,
798 1108 877 1185 τοὺς
898 1106 1060 1185 μαθόντας
1082 1108 1157 1171 τότε
1179 1109 1237 1185 τὴν
1260 1107 1446 1186 Ἑλληνικὴν

345 1210 538 1290 ἱερουργίαν.
571 1212 653 1270 NIhiI
675 1203 778 1269 differt
799 1212 933 1269 narratio
956 1211 1022 1269 Livi
1036 1212 1059 1281 Ι,
1077 1228 1105 1287 7.
1134 1211 1283 1271 Conferas
1307 1212 1445 1270 Paulium

346 1316 553 1388 realencyclop.
580 1313 631 1386 ΙΙΙ,
658 1332 686 1389 p.
708 1312 800 1388 11763
845 1312 1012 1370 Prellerum
1038 1317 1110 1371 reim.
1140 1313 1253 1386 mythol.
1284 1332 1312 1389 p.
1329 1312 1390 1386 644
1413 1322 1446 1371 et

346 1436 375 1492 p.
392 1416 454 1490 650
469 1434 513 1491 sq.

445 1518 528 1576 Inter
550 1527 671 1576 ceteros
695 1518 784 1585 deos,
820 1518 872 1591 qui
906 1526 1017 1575 terram
1051 1519 1272 1593 perlustrantes
1306 1518 1445 1577 homines

346 1620 484 1677 visitasse
508 1621 659 1688 dicuntur,
694 1616 814 1676 Ceres
838 1619 981 1692 imprimis
1004 1620 1036 1675 iu
1070 1620 1284 1693 quaestionem
1304 1620 1445 1677 vocanda

346 1728 404 1778 est.
457 1721 493 1777 In
514 1721 648 1778 Arcadia
680 1719 761 1777 fama
787 1728 853 1776 erat
876 1719 1050 1777 Trisaulem
1073 1728 1105 1777 et
1125 1719 1331 1777 Damithalem
1354 1721 1446 1777 deam

346 1822 479 1897 hospitio
503 1823 664 1897 excepisse
687 1839 723 1878 ac
748 1831 858 1896 postea
891 1822 1006 1896 templo
1035 1829 1191 1879 exstructo
1218 1823 1332 1896 prImos
1358 1822 1444 1879 festis

348 1923 458 1980 diebus
482 1931 645 1981 veneratos
669 1939 753 1992 esse;
779 1922 870 1981 Paus.
883 1921 964 1995 VIII,
979 1937 1025 1995 15,
1046 1940 1056 1979 1
1077 1931 1152 1980 extr.
1174 1923 1210 1980 In
1221 1923 1338 1981 Achaia
1350 1923 1446 1981 Pelle·

347 2024 494 2081 nensibus
527 2031 594 2080 erat
628 2023 776 2097 templum
808 2019 985 2098 Δήμητρος
1019 2018 1164 2097 Μυσίας;
1198 2022 1236 2080 εί.
1265 2023 1355 2083 Paus.
1378 2023 1445 2093 VH,

348 2139 437 2200 ΖΜ
470 2126 521 2200 qui
542 2125 585 2180 ita
618 2126 736 2200 pergit:
771 2119 967 2199 ἱδρύσασθαι
998 2121 1034 2183 δὲ
1068 2121 1148 2183 αὐτὸ
1180 2120 1308 2185 Μύσιόν
1342 2135 1445 2200 φασιν

346 2219 449 2300 ἄνδρα
471 2219 631 2300 Ἀργεῖον·
665 2221 799 2287 ἐδέξατο
832 2223 868 2284 οὲ
901 2219 979 2304 οἴκῳ
1006 2221 1165 2300 Δήμητρα
1193 2222 1245 2284 καὶ
1275 2220 1445 2301 ὁΜύσιος

347 2321 434 2405 λόγῳ
455 2327 502 2406 τῷ
525 2321 686 2401 Ἀργείων.
721 2325 870 2383 Nimirum
893 2326 934 2381 ad
949 2325 1079 2400 Mysiam
1101 2327 1249 2400 oppidum
1263 2327 1445 2401 Argivorum

346 2427 536 2483 referebatur
564 2427 613 2484 hic
642 2426 757 2494 cultus;
794 2427 836 2483 ibi
862 2427 942 2482 enim
971 2427 1102 2483 eandem
1128 2422 1286 2501 Δήμητρα
1315 2423 1445 2488 Μυσίαν

345 2528 530 2600 invenimus;
559 2527 604 2586 ci,
632 2527 722 2585 Paus.
749 2526 787 2596 ΙΙ,
823 2524 869 2594 18,
894 2543 929 2600 3:
963 2558 1003 2566 —
1041 2558 1080 2566 -
1113 2524 1287 2602 Δήμητρος
1316 2524 1444 2603 Μυσίας

344 2622 442 2704 ίερόν,
465 2623 530 2687 ἀπὸ
553 2623 673 2701 ἀνδρὸς
695 2622 825 2687 Μυσίου
849 2624 887 2686 τὸ
910 2621 1023 2702 ὄνομα,
1045 2624 1223 2702 γενομένου
1245 2625 1296 2689 καὶ
1317 2626 1444 2705 τούτου,

346 2723 489 2803 καθάπερ
511 2725 663 2801 λέγουσιν
686 2722 832 2802 Ἀργεῖοι,
860 2724 954 2788 Ξένου
977 2729 1015 2807 τῇ
1037 2725 1192 2804 Δήμητρι.
1230 2730 1374 2788 Fortasse
1397 2731 1446 2789 hic

345 2827 460 2904 Mysius
483 2847 521 2885 ex
544 2830 611 2904 ipso
636 2831 715 2886 deae
741 2829 924 2904 cognomine
948 2839 1032 2887 ortus
1055 2839 1103 2886 est
1124 2827 1177 2905 (cf.
1195 2826 1324 2905 Μυσίας
1340 2826 1444 2907 Ἀρτέ-

346 2931 437 3004 μιδος
463 2925 553 3005 ἱερόν
580 2930 719 3005 Spartae,
759 2929 850 2987 Paus.
872 2930 924 3007 111,
948 2945 997 2999 20,
1022 2925 1066 3009 ρ),
1100 2950 1204 2988 verum
1238 2940 1343 2990 tamen
1374 2951 1445 2990 eum

346 3048 407 3087 una
429 3049 499 3088 cum
521 3032 583 3089 dea
606 3030 721 3087 cultum
750 3048 820 3087 esse
853 3048 914 3106 ego
947 3034 1116 3106 putaverim
1124 3049 1131 3100 ;
1166 3050 1268 3107 neque
1301 3034 1444 3104 defuerit,

346 3133 465 3207 opinor,
480 3148 567 3207 gens
591 3148 671 3206 quae
685 3130 819 3204 Mysium
843 3150 898 3206 pro
919 3128 988 3212 ἥρῳ
1006 3128 1161 3213 άρχεγὲτῃ
1179 3133 1328 3194 habuerit.
1360 3134 1444 3193 Talis

286 3285 289 3294 .
346 3234 454 3291 saitem
481 3243 528 3291 est
557 3233 701 3290 condicio
726 3232 846 3306 Phytali
874 3242 906 3290 et
928 3234 1167 3307 Phytalidarum,
1199 3237 1300 3311 gentis
1322 3236 1445 3294 Atticae

346 3332 432 3411 (Hes.
446 3353 469 3395 s.
481 3328 532 3413 u).
571 3334 742 3392 Pausanias
757 3334 848 3401 enim,
872 3335 923 3391 ubi
939 3336 980 3391 de
996 3332 1114 3392 Cereris
1130 3336 1161 3392 in
1175 3353 1256 3411 pago
1272 3332 1444 3412 Λακιάδαις

345 3437 459 3511 templo
481 3436 574 3494 refert
597 3435 632 3510 (I,
659 3450 711 3510 37,
738 3429 769 3512 2)
792 3436 834 3491 ita
857 3435 949 3491 verba
972 3435 1060 3492 facit:
1083 3432 1119 3496 ἐν
1140 3433 1246 3517 τούτῳ
1268 3439 1314 3517 τῷ
1337 3434 1444 3518 χωρίῳ
1476 3435 1479 3446 “

109 3551 113 3608 5
235 3553 242 3564 “
346 3531 497 3597 Φύταλόν
513 3547 615 3612 φασιν
631 3531 708 3617 οἴκῳ
725 3533 885 3612 Δήμητρα
901 3534 1067 3599 δέξασθαι·
1090 3539 1227 3616 sequitur
1248 3541 1445 3628 epigramma,

347 3642 431 3714 quod
453 3642 485 3697 in
505 3640 623 3714 Phytali
647 3640 788 3714 sepulcro
812 3640 871 3715 legi
894 3639 1038 3696 affirmat:

449 3761 556 3826 ἐνθάδ’
580 3760 660 3828 ἄναξ
682 3761 770 3841 ἥρως
793 3761 944 3839 Φύταλός
966 3782 1045 3825 ποτε
1068 3763 1183 3827 δέξατο
1207 3765 1330 3842 σεμνὴν

445 3862 631 3942 Δήμητραν,
654 3862 709 3927 ότε
730 3866 861 3941 πρῶτον
884 3862 1016 3941 ὀπώρας
1035 3864 1159 3941 καρπὸν
1182 3862 1312 3943 ἔφηνεν,

444 3964 485 4040 ἣν
506 3963 597 4043 ἱερὰν
620 3968 723 4041 συκῆν
745 3967 873 4042 θνητῶν
895 3964 992 4042 γένος
1015 3964 1216 4041 ἐξονόμαζεν

445 4064 479 4129 ἐξ
502 4062 540 4127 οὗ
564 4065 603 4142 δὴ
625 4066 717 4143 τιμὰς
740 4064 893 4128 Φυτάλου
915 4066 1012 4143 γένος
1035 4064 1133 4144 ἔσχεν
1156 4065 1294 4145 άγήριυς.

344 4195 422 4253 Inde
439 4195 688 4268 concludendum
708 4205 755 4254 est
768 4196 911 4255 Cererem
924 4216 942 4253 a
954 4205 1047 4271 gente
1061 4197 1288 4272 Phytalidarum
1300 4214 1369 4254 esse
1381 4197 1443 4253 cul-

346 4305 409 4355 tam
422 4314 555 4372 eumque
568 4298 684 4356 cultum
695 4300 737 4356 ad
757 4300 928 4375 principem
950 4300 1099 4356 maiorum
1121 4297 1261 4366 relatum,
1284 4299 1336 4372 qui
1351 4299 1443 4353 deam

1227 4460 1242 4512 3
