3234 5109
762 451 791 505 15

232 616 281 673 lae
312 616 432 673 ¹formae
466 616 544 674 inter
577 633 611 671 se
645 616 883 691 coniungendae
906 616 966 672 sint
981 610 1013 691 ¹).
1068 615 1104 672 In
1126 616 1185 672 fine
1205 616 1327 690 glossae

229 717 374 793 legimus:
404 710 559 776 ἀλλὰκαὶ
581 711 737 776 θεοξένια
760 710 861 774 αὐτοῦ
885 710 1024 789 ἄγοντος
1047 712 1207 776 ἐκάλεσαν
1228 712 1328 778 αὐτὸν

230 813 262 878 οἱ
283 813 464 892 Διόσκοροι
485 813 568 892 πρὸς
592 812 715 876 Βάττον
743 812 778 890 ἐς
802 812 947 891 Κυρήνην
969 813 1020 876 καὶ
1043 811 1162 891 ἀνέστη
1185 819 1220 876 τε
1243 813 1328 892 ἔχων

229 915 362 993 σιλφίου
386 914 517 979 καυλόν.
551 918 727 975 Edocemur
749 918 840 992 igitur
856 915 1031 991 Cyrenaeos
1046 917 1206 976 Dioscuris
1223 917 1327 975 Theo·

230 1021 321 1078 xenia
342 1020 444 1094 egisse
466 1019 542 1076 inde
561 1019 674 1080 aBatti
697 1019 866 1076 conditoris
889 1020 1087 1094 temporibus,
1110 1036 1202 1094 quem
1223 1037 1328 1092 regem

230 1120 465 1178 Phormionibus
490 1120 701 1180 adscribamus
722 1137 823 1195 paene
845 1137 976 1177 necesse
991 1130 1047 1179 est.
1082 1120 1212 1180 Accedit
1234 1119 1328 1178 schol.

230 1223 272 1279 ad
294 1220 381 1280 Pind.
403 1220 489 1296 Pyth.
514 1220 551 1289 V,
574 1218 614 1277 (ιε
651 1214 716 1279 ἀπὸ
749 1216 810 1295 γὰρ
833 1216 996 1281 Λακώνων
1025 1213 1071 1294 εἰς
1094 1216 1205 1295 Θήραν
1226 1215 1327 1294 ἦλθον

229 1318 285 1399 (sc.
309 1317 340 1381 οἱ
363 1317 547 1397 Βαττιάδαι)
570 1316 635 1381 ἀπὸ
658 1319 694 1382 δὲ
720 1321 778 1394 τῆς
799 1318 910 1396 Θήρας
933 1316 979 1394 εἰς
1003 1318 1201 1396 Κυρήνηνῖ)
1233 1318 1253 1395 ἢ
1277 1316 1327 1381 ὅτι

229 1419 397 1497 ἐπιφανῶς
430 1403 566 1494 ἄγουσιν
599 1417 630 1482 οἱ
669 1418 839 1496 Κυρηναῖοι
872 1420 912 1481 τά
947 1419 1166 1496 Διοσκούρεια
1203 1418 1327 1482 Βάττου

229 1520 362 1599 πρώτου
385 1521 633 1596 καταδείξαντος
655 1520 713 1596 τὴν
737 1519 844 1597 εὐχήν.
883 1521 1005 1593 Quodsi
1028 1523 1074 1580 his
1096 1524 1187 1581 rebus
1209 1524 1240 1580 in
1263 1525 1329 1598 opi·

229 1625 356 1682 nionem
389 1625 573 1682 adducimur
605 1623 758 1699 Spartana
780 1624 962 1682 Theoxenia
984 1621 1204 1700 Διοσκούρεια
1235 1624 1329 1681 fuisse

230 1725 396 1800 appellata,
429 1726 479 1782 illa
502 1725 656 1781 sententia
678 1724 816 1781 nonnihil
839 1725 974 1783 firmatur
1007 1745 1046 1782 eo
1078 1728 1165 1800 quod
1186 1727 1216 1782 in
1239 1726 1327 1782 titulo

118 1875 124 1888 ,
230 1827 366 1901 quodam
396 1824 549 1901 Spartano
579 1820 781 1901 (C.1.G.1‚
809 1820 901 1901 1444)
936 1826 1060 1902 legitur:
1098 1820 1327 1904 άγωνο[Θε’τιν]

120 1987 124 2022 ,
229 1926 296 1987 τῶν
311 1916 854 2007 σεμν[ο]τάτυ1νΔιοσκο[υ]ρεῐων.
869 1971 874 1983 .
889 1971 896 1985 .
915 1929 1000 2001 quod
1016 1934 1099 1984 recte
1115 1927 1189 1983 vidit
1203 1926 1355 2014 Prellerh

119 2071 123 2082 .
228 2045 278 2101 gr.
303 2027 419 2100 mythol.
435 2026 472 2096 Π,
496 2044 527 2101 p.
549 2041 606 2084 roo
630 2034 693 2087 not.
711 2044 735 2085 1.
768 2027 856 2085 Idem
880 2046 905 2086 v.
930 2029 960 2087 d.
983 2029 1024 2085 ad
1046 2027 1106 2085 hoc
1128 2028 1240 2085 festum
1261 2046 1330 2102 per·
1458 2099 1463 2110 .

232 2129 331 2185 tinere
352 2128 502 2185 intellexit
523 2128 765 2186 narratiunculas
787 2129 877 2197 duas
900 2129 1010 2202 quibus
1031 2138 1153 2203 praeter
1167 2129 1226 2186 alia
1239 2128 1330 2186 Dios-

231 2245 371 2285 curorum
403 2229 435 2284 iu
468 2228 656 2286 Theoxeniis
690 2228 854 2304 epiphania
886 2230 1049 2304 perspicua
1081 2229 1122 2290 fit.
1180 2228 1329 2287 Conferas

229 2328 321 2390 Paus.
344 2329 398 2396 IV,
424 2344 473 2404 27,
501 2347 530 2404 13
554 2329 697 2404 Polyaen.
722 2338 848 2404 strateg.
871 2329 909 2398 Π,
932 2346 983 2402 31,
1007 2347 1037 2403 4.

327 2581 452 2641 Conze
480 2591 512 2640 et
534 2582 753 2651 Michaelis,
788 2601 858 2640 cum
880 2601 962 2641 anno
984 2583 1012 2642 h.
1038 2601 1060 2643 s.
1084 2584 1139 2641 LX
1162 2583 1327 2642 Graeciam

229 2684 457 2757 perlustrarent,
486 2685 614 2760 Spartae
637 2691 837 2759 reppererunt
870 2685 1022 2742 nonnulas
1055 2684 1175 2741 tabulas
1210 2685 1327 2742 votivas

231 2782 398 2842 Dioscuros
421 2793 453 2842 et
479 2786 671 2843 simulacrum
705 2786 785 2842 deae
821 2786 983 2843 cuiusdam
1020 2785 1210 2845 exhibentes.
1266 2786 1329 2843 Sub

229 2885 412 2959 imaginibus
425 2886 604 2962 plerumque
622 2887 726 2944 titulos
740 2887 1018 2961 deprehendebaut
1031 2895 1183 2946 exaratos.
1218 2886 1329 2943 Rettu-

231 2986 331 3041 lerunt
353 2983 394 3042 de
416 2985 462 3043 his
486 2985 662 3061 anaglyphis
695 2977 821 3061 duoque
844 2988 1033 3044 delineando
1055 2986 1168 3061 publici
1191 2988 1262 3044 iuris
1285 2987 1329 3044 fe·

231 3094 339 3143 cerunt
354 3087 386 3143 in
402 3106 472 3145 ann.
489 3088 515 3145 d.
536 3087 605 3145 Inrt.
627 3086 717 3155 1861,
739 3106 768 3162 p.
783 3087 901 3165 38sqq.
924 3087 987 3144 tab.
1000 3086 1040 3155 D,
1067 3104 1079 3144 1
1106 3095 1137 3144 et
1160 3103 1175 3143 2
1202 3082 1329 3163 (Iterum

230 3188 261 3245 in
281 3184 386 3245 Conzii
408 3187 577 3264 vorlegebll.
601 3205 659 3245 ser.
671 3187 725 3257 IV,
749 3189 810 3246 tab.
828 3204 857 3262 q,
883 3203 900 3260 5
925 3195 957 3244 et
981 3203 1008 3261 7.
1031 3219 1070 3227 -
1094 3186 1140 3246 Cf.
1169 3188 1249 3266 ercli.
1271 3195 1329 3263 aig.

235 3287 310 3346 1861
336 3308 366 3364 p.
382 3284 486 3366 247*).
534 3289 644 3365 Neque
663 3308 709 3348 vr.
734 3290 787 3347 dd.
813 3289 891 3364 fugit
913 3279 1085 3347 tabularum
1107 3290 1208 3363 origo;
1241 3299 1327 3346 recte

231 3392 312 3447 enim
343 3391 561 3448 intellexerunt
593 3400 793 3447 monumenta
827 3408 861 3447 se
899 3391 1053 3447 invenisse
1094 3391 1164 3447 festi
1202 3392 1328 3449 alicuius
1414 3431 1416 3438 .

230 3490 389 3549 Dioscuris
411 3493 459 3549 vel
481 3492 621 3550 Helenae
645 3492 775 3568 Spartae
797 3492 906 3550 habiti:
931 3501 984 3549 aut
1003 3491 1253 3548 Theoxeniorum
1276 3502 1330 3548 aut

232 3591 484 3668 Hyacinthiorum
502 3592 775 3653 autHeleniorum.
810 3592 923 3650 Denuo
941 3594 1059 3649 eisdem
1076 3594 1188 3650 tabulis
1204 3611 1330 3668 operam

231 3703 419 3751 navaverunt
451 3692 609 3751 Dressel
646 3703 676 3750 et
710 3694 963 3752 Milchhoefer
997 3695 1028 3750 in
1056 3696 1208 3752 uberrimo
1237 3712 1329 3769 quem

234 3827 435 3837 ...—.-—--—-

337 3915 358 3981 1)
378 3918 456 3966 Hanc
467 3917 650 3982 quaestionem
660 3916 781 3966 tractavit
791 3918 917 3966 Meineke
930 3919 960 3967 F.
972 3918 1000 3967 C.
1017 3919 1049 3969 G.
1059 3919 1096 3977 ΙΙ,
1111 3931 1135 3978 2,
1154 3935 1179 3984 p.
1193 3931 1260 3983 1227
1272 3936 1331 3985 sqq.

231 4005 420 4055 Phormionem
440 4004 597 4071 Spartanum
616 4012 763 4055 memorant
781 4006 853 4056 Plut.
872 4022 899 4055 n.
919 4022 945 4072 p.
966 4022 986 4057 s.
1005 4024 1029 4059 v.
1049 4019 1082 4056 22
1103 4015 1128 4057 et
1147 4008 1230 4057 Clem.
1250 4009 1331 4060 Alex.

231 4095 362 4155 strom.1‚
383 4106 446 4158 334.

338 4183 366 4250 2)
384 4183 425 4232 Cs.
444 4182 528 4233 schol.
547 4184 596 4232 Ar.
616 4183 686 4234 Plut.
700 4194 761 4247 925.
790 4184 869 4235 Paus.
885 4185 923 4249 X,
946 4195 985 4248 15,
999 4202 1022 4249 4.
1052 4187 1208 4235 Memineris
1226 4186 1330 4234 Emme·

230 4271 308 4321 nidas
321 4287 427 4337 quoque
442 4271 530 4322 Thera
542 4272 571 4321 in
585 4269 702 4323 Siciliam
717 4273 823 4323 venisse
833 4274 915 4332 tradi;
936 4291 959 4325 v.
973 4275 1083 4324 Miilleri
1098 4275 1222 4325 Orchom.
1239 4289 1265 4338 p.
1279 4285 1294 4335 3
1298 4284 1331 4335 32

232 4378 271 4429 sq.
300 4363 465 4427 Boeclrbium
484 4363 512 4412 in
530 4364 590 4413 abir.
611 4364 637 4413 d.
656 4365 722 4412 herl.
741 4365 784 4414 ak.
808 4363 884 4425 1836,
900 4379 926 4428 p.
942 4363 983 4424 89.
