3234 5109
849 374 865 425 8

412 552 508 611 Simili
529 552 624 610 modo
648 554 776 610 adrem
802 552 963 610 militarem
991 559 1083 626 atque
1116 551 1157 610 ad
1180 550 1337 608 victoriam
1360 568 1406 606 re·

309 655 495 730 portandam
518 660 640 729 spectat
664 654 884 712 lectisternium
905 653 991 722 illud,
1017 653 1103 728 quod
1125 651 1216 709 Locri
1231 660 1308 709 ante
1330 635 1407 725 pug-

307 773 380 814 nam
394 755 434 813 ad
445 754 572 831 Sagram
584 755 779 813 commissam
791 755 950 814 Dioscuris
962 761 1155 830 paraverunt.
1176 751 1222 812 Cf.
1233 751 1407 809 Diodorum

309 856 366 917 SIc.
378 855 460 926 VIII,
475 872 525 930 32.
548 855 658 931 Legati
680 857 762 913 enim
783 874 853 914 cum
865 855 1007 932 Spartam
1021 855 1187 921 venisseut,
1214 862 1248 911 ut
1263 853 1408 911 auxilium

307 966 458 1033 peterent,
482 958 638 1033 copiarum
654 957 723 1016 loco
748 958 943 1035 Tyndaridas
970 958 1126 1015 adiutores
1151 965 1354 1031 acceperunt3
1377 950 1408 1015 οἱ

308 1058 345 1121 δὲ
365 1056 528 1135 πρέσβεις,
551 1067 585 1116 ut
606 1060 705 1135 pergit
717 1059 884 1129 Dtodorus‚
905 1055 1146 1140 προσεδέξαντο
1171 1054 1230 1131 τὴν
1255 1053 1407 1134 βοήθειαν

307 1155 381 1236 παρ’
405 1156 513 1221 αὐτῶν
535 1156 588 1220 καὶ
609 1155 881 1236 καλλιερήσαντες
904 1156 1076 1235 ἔστρωσαν
1097 1158 1166 1237 τοῖς
1187 1155 1407 1234 Διοσκούροις

307 1258 417 1337 κλίνην
440 1257 492 1321 ἐπὶ
513 1260 570 1335 τῆς
591 1258 672 1336 νηὸς
695 1258 746 1322 καὶ
768 1257 978 1323 ἀπέπλευσαν
1001 1258 1052 1322 ἐπὶ
1073 1258 1132 1335 τὴν
1153 1256 1300 1335 πατρίδα.
1336 1260 1409 1317 Νοα

268 1365 275 1376 ’
309 1380 387 1437 opus
421 1371 469 1420 est
493 1363 705 1421 demonstrare
727 1362 807 1421 hanc
835 1362 1092 1422 narratiunculam
1115 1363 1143 1419 ei
1165 1363 1289 1419 demum
1312 1363 1408 1419 aetati

197 1541 199 1548 X
308 1463 548 1522 adscribendam
581 1482 659 1534 esse,
695 1483 757 1539 qua
779 1466 886 1522 viserit
912 1473 1027 1534 auctor,
1056 1481 1148 1539 quern
1170 1462 1325 1520 Diodorus
1347 1463 1408 1521 hoc

308 1565 379 1624 loco
402 1573 549 1641 sequatur
570 1567 588 1627 i.
612 1584 638 1626 e.
662 1568 753 1624 tertio
776 1566 840 1624 fere
863 1567 988 1625 saeculo
1010 1585 1036 1625 a.
1060 1564 1130 1623 Chr.
1153 1584 1182 1625 n.

413 1665 529 1725 Primus
564 1668 699 1725 omnium
732 1676 836 1725 autern
869 1667 1070 1743 Bacchylides
1108 1666 1296 1724 lectisternia
1317 1664 1407 1723 Dios-

310 1785 452 1827 curorum
485 1769 591 1826 testari
623 1769 752 1829 videtur.
821 1769 902 1826 Nam
942 1769 1005 1825 duo
1037 1766 1125 1825 huius
1157 1775 1270 1843 poetae
1303 1784 1408 1823 versus

309 1878 433 1928 exstant
468 1864 516 1948 (ir.
542 1870 590 1930 28.
613 1888 662 1945 ap.
687 1870 755 1928 Ath.
779 1870 833 1938 VI,
855 1863 973 1948 4oob),
1021 1887 1099 1943 quos
1133 1868 1313 1927 Athenaeus
1348 1868 1409 1926 hoc
1493 1893 1496 1898 ·
1604 1903 1605 1910 ι

309 1973 403 2030 modo
436 1971 570 2028 inducit:
627 1968 825 2046 Βακχυλίδης
865 1968 1060 2045 ποιούμενος
1094 1968 1152 2031 τὸν
1186 1966 1286 2041 λόγον
1324 1966 1411 2045 πρὸς,

308 2069 386 2148 τοὺς
407 2068 624 2148 Διοσκόρους,
647 2072 756 2134 καλῶν
780 2069 902 2147 αὐτοὺς
925 2069 976 2133 ἐπὶ
999 2069 1095 2134 ξένια.
1142 2070 1294 2129 Secuntur
1315 2072 1409 2127 verba

307 2182 438 2249 poetae:

308 2267 371 2335 ‘ou
403 2275 491 2351 βοῶν
519 2270 656 2351 πάρεστι
683 2270 817 2351 σώματ’,
852 2271 928 2335 οὔτε
958 2271 1089 2350 χρυσός,
1121 2270 1197 2335 οὔτε
1225 2270 1408 2349 πορφύρεοι

758 2443 760 2446 ,
825 2374 976 2452 τάπητες,
999 2372 1082 2437 ἀλλὰ
1105 2373 1206 2451 θυμὸς
1229 2372 1366 2452 εὐμενής

310 2472 430 2538 Μοῦσά
446 2495 481 2538 τε
498 2477 628 2550 γλυκεῖα
644 2475 695 2538 καὶ
713 2475 913 2539 Βοιωτίοισιν
937 2474 972 2538 ἐν
995 2474 1170 2553 σκύφοισιν
1192 2472 1282 2552 οἶνος
1303 2472 1408 2552 ἡδύς.

310 2578 467 2636 Videlicet
499 2580 580 2637 enim
610 2587 737 2655 poetam
759 2581 789 2636 in
815 2580 914 2655 priore
947 2596 1035 2636 versu
1069 2580 1110 2635 de
1140 2579 1246 2636 hostiis
1284 2581 1407 2637 vasibus

309 2680 409 2738 aureis
433 2681 591 2756 purpureis
614 2681 768 2757 tapetibus
784 2682 890 2755 itaque
907 2682 948 2738 de
964 2689 1032 2740 toto
1054 2681 1233 2738 lectisternii
1256 2689 1406 2757 apparatu

310 2781 402 2838 verba
425 2781 536 2840 facere.
590 2780 662 2853 Quo
692 2790 841 2856 apparatu
875 2798 983 2838 carens
1012 2799 1071 2838 nec
1096 2781 1193 2839 lectos
1221 2783 1329 2838 sternit
1350 2799 1409 2839 nec

309 2899 433 2940 mensas
456 2891 584 2940 exornat
606 2883 663 2940 sed
680 2883 746 2957 ipse
769 2882 877 2940 bibens
899 2881 1068 2940 Dioscuros
1091 2900 1215 2958 quoque
1238 2883 1279 2940 ad
1299 2882 1409 2940 biben-

309 2983 383 3041 dum
404 2983 519 3042 invitat.

409 3084 455 3141 Ex
476 3085 530 3153 eiS,
548 3101 628 3159 quae
646 3085 749 3142 adhuc
764 3086 996 3161 dIsputavimus,
1019 3086 1155 3144 dilucide
1172 3095 1301 3162 apparet
1317 3087 1409 3144 xenia

309 3191 341 3242 et
363 3185 549 3243 lectisternia
572 3185 792 3244 Dioscurorum
815 3188 899 3262 apud
922 3186 1059 3245 Graecos
1082 3189 1143 3246 late
1164 3189 1310 3263 patuisse.
1343 3188 1409 3245 Iam

309 3286 400 3362 igitur
421 3289 638 3361 pertractanda
670 3295 760 3345 eruut
785 3289 904 3346 illorum
934 3290 1065 3347 deorum
1087 3286 1294 3365 Θεοξένια,
1328 3290 1409 3347 lesta

308 3388 442 3463 publica,
465 3406 545 3463 quae
566 3406 604 3445 eo
627 3390 722 3447 modo
745 3397 812 3447 orta
831 3407 900 3446 esse
913 3390 1064 3468 videntur,
1087 3400 1121 3448 ut
1142 3393 1234 3450 xenia
1253 3393 1409 3467 gentilicia
1466 3457 1470 3464 x

308 3488 340 3545 in
360 3488 515 3564 puhIIcum
537 3489 651 3546 cultum
672 3489 892 3564 reciperentur.
930 3490 979 3558 At,
1003 3509 1073 3548 cum
1094 3502 1217 3567 praeter
1238 3493 1408 3552 Dioscuros

308 3589 403 3645 etiam
424 3589 598 3665 Apollinem
620 3588 732 3648 Graeci
756 3590 945 3648 Theoxeniis
974 3592 1132 3660 coluerint,
1165 3611 1230 3651 non
1261 3611 1407 3669 superva-

309 3707 439 3747 caneum
456 3691 522 3760 erit,
545 3709 647 3766 pauca
667 3691 800 3767 praefari
821 3693 861 3747 de
884 3692 1033 3766 Apollinis
1056 3694 1147 3751 festo.

407 3788 580 3866 Hesychius
603 3793 735 3850 adnotat
768 3812 794 3852 v.
822 3789 991 3856 Θεοξένια·
1024 3788 1232 3869 Ἀπόλλωνος
1263 3790 1357 3870 ἑορτή
1373 3791 1408 3865 ¹).

309 4029 405 4095 cuique
424 4029 528 4079 adstant
546 4030 600 4079 duo
619 4030 749 4091 homiues,
775 4033 803 4081 in
822 4034 935 4083 nummis
953 4033 1128 4083 Nicomediae
1148 4035 1242 4100 oppidi
1261 4035 1407 4084 Maximino

308 4118 466 4183 imperatore
480 4118 550 4167 cusis
560 4120 735 4185 conspicitur3
754 4122 877 4170 Mionnet
885 4122 922 4181 11,
944 4138 969 4187 p.
979 4133 1041 4185 475,
1060 4138 1085 4171 n.
1105 4135 1172 4187 3573
1190 4140 1216 4189 p.
1226 4125 1288 4187 476,
1306 4139 1331 4174 n
1345 4123 1406 4185 360.

412 4205 436 4272 1)
455 4206 584 4256 Eiusdem
596 4208 727 4274 Hesychii
744 4210 835 4272 glossa
851 4226 876 4260 v.
891 4209 1036 4263 θεοξένια·
1056 4212 1136 4277 κοινὴ
1158 4212 1242 4279 ἑορτὴ
1262 4215 1332 4264 πᾶσι
1347 4216 1409 4275 τοῖς

309 4296 383 4357 θεοῖς
402 4310 461 4344 cum
479 4294 528 4344 illa
545 4310 663 4362 pugnare
680 4296 793 4350 videtur.
840 4300 908 4349 Utut
935 4315 977 4349 res
1001 4300 1139 4362 sehabet,
1166 4302 1238 4365 Aug.
1257 4302 1409 4351 Mommsen
