3234 5109
780 426 812 480 25

342 589 465 646 Initium
480 586 638 655 faciamus,
654 593 689 641 ut
704 586 806 652 decet,
829 603 848 641 a
862 584 958 643 Iove.
982 583 1076 643 Cuius
1092 584 1143 641 dei
1157 585 1343 645 lectisternia

248 690 352 766 attigit
379 690 534 748 Diodorus
569 687 718 762 Sinopeus
751 684 813 761 (ap.
837 686 948 745 Athen.
972 685 1025 755 Vl,
1049 687 1149 760 239b.
1200 686 1343 744 Meineke

113 813 115 824 ·
248 793 280 853 F.
299 790 333 851 C.
350 792 387 853 G.
402 793 455 862 III,
481 810 511 865 p.
532 805 591 864 543
609 788 678 863 sq),
708 805 777 845 cum
798 789 966 864 parasitum
986 789 1030 846 ita
1052 787 1126 845 lacit
1147 789 1342 863 loquentem:

207 883 209 900 ⁵
329 887 511 967 Ἑούλομαι
531 890 631 953 δεῖξαι
653 888 772 965 σαφῶς

288 991 334 1069 ὠς
356 990 478 1069 σεμνόν
496 990 566 1053 έστι
582 991 681 1053 τοῦτο
700 986 756 1067 (sc.
772 987 810 1049 τὸ
825 983 1027 1066 παρασιτεῖν)
1044 986 1096 1049 καὶ
1109 988 1343 1066 νενομισμένον

287 1093 339 1157 καὶ
360 1096 426 1158 τιῖιν
449 1094 533 1155 θεῶν
557 1089 690 1182 εὕρημα,
712 1090 771 1167 τὰς
793 1094 821 1152 δ’
845 1087 947 1166 ἄλλας
968 1088 1085 1166 τέχνας

288 1193 395 1271 οὐδεὶς
417 1196 502 1257 θεῶν
524 1192 713 1271 κατέδειξεν,
736 1189 806 1254 ἀλλ’
830 1188 947 1268 ἄνδρες
970 1189 1080 1268 σοφοί.

287 1296 325 1359 τὸ
346 1296 407 1373 γὰρ
429 1295 619 1372 παρασιτεῖν
642 1290 736 1371 εὗρεν
759 1291 777 1356 ὁ
800 1290 885 1369 Ζεὺς
908 1290 927 1354 ὁ
950 1291 1066 1370 φίλιος,

288 1395 395 1461 ὁτῶν
418 1398 503 1459 θεῶν
526 1395 677 1473 μέγιστος
700 1393 981 1472 ὁμολογουμένως.

287 1495 385 1575 οὗτος
407 1497 468 1576 γὰρ
492 1495 538 1574 εἰς
558 1496 617 1572 τὰς
640 1493 741 1572 οἰκίας
764 1493 943 1573 εἰσέρχεται
1052 1523 1056 1529 f

288 1598 359 1677 mixi
381 1599 544 1677 διακρίνας
569 1596 628 1674 τὴν
649 1597 802 1674 πενιχρὰν
824 1597 844 1673 ἢ
866 1596 1035 1683 πλονσίαν.

287 1698 327 1762 οὗ
349 1697 376 1763 δ’
401 1698 441 1762 ἂν
463 1701 572 1776 καλῶς
595 1697 802 1776 ἐστρωμένην
825 1698 934 1776 κλίνην
955 1696 1007 1781 ἴδη

289 1800 526 1878 παρακειμένην
548 1819 583 1862 τε
606 1798 665 1875 τὴν
688 1797 850 1877 τράπεζαν
872 1797 965 1862 πάνθ’
989 1797 1010 1861 ἃ
1032 1801 1081 1861 δεῖ

288 1899 440 1979 ἔχουσαν,
465 1900 526 1977 ἤδη
549 1899 749 1977 κατακλιθεὶς
773 1899 825 1962 καὶ
844 1899 987 1978 κοσμίως

289 2000 458 2080 ἀριστίσας
482 2001 610 2079 ἑαυτὸν,
633 2000 806 2079 ἐντραγών,
829 2001 920 2078 πιὼν,

289 2101 435 2183 ἀπέρχετ’
461 2102 572 2183 οἴκαδ’,
594 2102 632 2167 οὐ
656 2103 849 2182 καταβαλὼν
871 2101 1047 2181 συμβολάς.

345 2209 434 2267 Haec
450 2209 552 2276 verba,
575 2217 609 2266 ut
632 2216 728 2283 patet,
752 2208 812 2265 alio
834 2209 929 2264 modo
953 2207 1096 2282 explicari
1117 2226 1181 2264 non
1202 2215 1342 2282 possunt,

245 2310 302 2368 nisi
318 2310 479 2368 statuimus
495 2318 622 2386 poetam
635 2309 715 2366 Iovis
731 2308 919 2366 lectisternia
934 2308 1084 2383 explicare
1100 2308 1233 2366 voluisse
1242 2325 1249 2377 ;
1272 2326 1344 2366 nam

246 2414 403 2486 quandam
418 2413 480 2468 veri
496 2412 631 2485 speciem
647 2411 748 2467 inesse
764 2428 856 2467 nemo
871 2410 1007 2484 negabit,
1031 2409 1083 2484 qui
1105 2418 1189 2467 recte
1212 2428 1344 2484 perpen-

245 2513 325 2569 derit
347 2532 373 2571 v.
397 2528 431 2585 3:
473 2508 524 2589 (τὸ
547 2507 750 2587 παρασιτεῖν)
772 2510 838 2571 τῶν
867 2510 951 2571 θεῶν
974 2506 1096 2586 εὕρημα
1119 2519 1200 2568 etv.
1225 2525 1252 2584 5.
1296 2513 1344 2568 Ac

245 2613 389 2670 videlicet
420 2614 545 2688 insuper
572 2613 769 2681 lectisternia,
799 2614 841 2669 de
869 2613 979 2686 quibus
1002 2611 1158 2669 Diodorus
1186 2612 1343 2686 cogitavit,

247 2730 309 2769 non
331 2714 454 2788 publica
474 2711 514 2787 (v.
538 2729 617 2789 supr.
641 2732 670 2788 ρ.
683 2710 715 2789 4)
739 2714 797 2770 sed
821 2730 909 2771 sacra
931 2714 1103 2771 domestica
1122 2712 1224 2772 fuisse.

346 2812 501 2885 Quoniam
528 2824 632 2873 autem
653 2816 852 2889 cognovimus
875 2815 1034 2871 xeniorum
1063 2832 1151 2873 sacra
1176 2815 1274 2871 minus
1302 2815 1344 2872 ad

246 2931 372 2988 superos
399 2916 477 2992 deos
499 2916 692 2990 pertinuisse,
720 2932 812 2973 nemo
834 2916 1000 2984 mirabitur,
1024 2917 1109 2989 quod
1131 2916 1200 2974 illae
1224 2918 1264 2973 de
1289 2916 1344 2973 ho·

245 3016 342 3090 spitlis
365 3014 489 3074 fabulae
511 3017 654 3091 imprimis
676 3016 846 3074 referantur
873 3018 912 3074 de
951 3017 1094 3074 heroibus
1125 3018 1231 3093 eisque
1267 3018 1344 3085 deis,

246 3117 298 3191 qui
324 3116 452 3174 heroum
489 3126 619 3175 naturae
655 3118 848 3191 aliquatenus
876 3120 1131 3195 appropinquent.
1181 3119 1264 3175 lnter
1290 3136 1344 3175 eos

244 3213 446 3286 HerculeS,
480 3219 533 3293 qui
561 3219 624 3274 sive
654 3220 732 3275 deus
760 3219 823 3275 sive
850 3218 941 3276 heros
963 3220 994 3275 in
1027 3219 1167 3276 omnibus
1191 3218 1343 3277 Graeciae

244 3319 420 3393 regionibus
443 3318 611 3389 colebatur,
642 3319 771 3395 primum
797 3321 900 3377 locum
923 3321 1050 3378 obtinet.
1095 3320 1203 3396 Neque
1225 3320 1343 3397 dubito,

246 3421 319 3494 quin
345 3420 446 3478 lamae
474 3438 544 3477 eum
572 3422 655 3497 apud
678 3422 809 3496 aliquem
832 3438 849 3476 e
871 3422 1035 3479 maioribus
1058 3422 1226 3479 devertisse
1248 3422 1343 3479 maxi·

244 3538 326 3578 mam
356 3530 476 3596 partem
510 3522 542 3579 in
573 3524 661 3597 pagis
688 3523 850 3597 oppidisve
882 3522 1002 3597 pridem
1034 3523 1211 3597 divulgatae
1232 3531 1343 3597 postea

245 3622 369 3679 demum
392 3640 461 3679 cum
483 3624 731 3698 expeditionibus
755 3624 820 3681 eius
843 3625 1027 3682 coniunctae
1049 3622 1150 3699 sint¹).

347 3722 394 3779 De
410 3722 716 3781 Oeneo-Dexameno
734 3726 913 3782 Aetolorum
935 3742 1008 3799 rege
1029 3727 1091 3783 iam
1111 3725 1205 3782 locuti
1228 3741 1341 3782 sumus.

246 3823 332 3881 Alter
347 3823 544 3881 Dexamenus
557 3824 659 3882 Butae
673 3826 704 3882 in
720 3825 837 3900 oppido
849 3825 987 3884 Achaiae
1002 3826 1168 3884 Herculem
1184 3825 1342 3900 excepisse

247 3924 402 3983 serebatur
416 3920 525 3999 (schol.
542 3923 618 3984 Call.
634 3925 712 4000 hym.
728 3925 781 3994 IV,
802 3942 868 3987 102.
885 3926 974 3987 Paus.
990 3926 1056 3997 VH,
1084 3927 1131 4003 18,
1148 3920 1187 4003 ι).
1211 3926 1342 4004 Aeacus,

248 4074 444 4084 *-

346 4164 371 4234 1)
389 4167 422 4216 In
441 4166 507 4216 talia
524 4168 642 4234 hospitia
660 4168 760 4235 optime
779 4170 891 4235 quadrat
909 4170 1026 4220 edacitas
1044 4171 1143 4236 herois,
1162 4187 1240 4235 quam
1259 4170 1342 4236 respi-

244 4254 279 4304 cit
295 4254 366 4304 illud
386 4256 419 4304 de
437 4257 601 4307 morantibus
618 4258 802 4323 proverbium:
822 4258 970 4325 “Ηρακλῆς
983 4258 1138 4321 ξενίζεται’;
1157 4259 1278 4326 Ar.Lys.
1289 4259 1342 4321 928

244 4357 266 4396 c.
287 4342 373 4395 schol.
