3234 5109
1516 398 1548 450 9

432 564 572 639 Qua
638 565 844 639 glossa
912 545 1059 623 illud
1120 566 1345 623 festum
1414 584 1552 623 cum
1614 565 1719 622 uni
1786 573 2026 624 tantum
2070 567 2194 624 deo
2239 567 2622 635 attribuatur,

430 671 608 732 nimis
666 668 940 745 angustis
987 666 1206 724 finibus
1253 667 1778 725 circumscribitur.
1887 665 2121 724 Verum
2182 676 2389 726 tamen
2436 667 2624 742 Apol-

429 767 561 827 linis
608 770 968 828 Theoxenia
1026 770 1249 844 insigni
1315 771 1643 845 splendore
1712 787 1830 826 nec
1897 770 2191 825 mediocri
2250 770 2313 827 in
2360 769 2623 829 Graecia

431 874 705 930 claritate
761 872 1120 930 excelluisse
1165 872 1257 927 vel
1327 888 1403 927 ex
1461 872 1758 946 pauculiS,
1826 887 1987 945 quae
2052 872 2136 927 ad
2201 879 2474 928 nostram
2518 888 2621 927 ae-

429 981 620 1031 tatem
664 980 1093 1048 pervenerunt,
1140 972 1502 1029 testimoniis
1551 972 1753 1046 colligi
1795 978 2022 1047 potest.

627 1073 934 1151 Delphica
992 1073 1291 1148 Apollinis
1326 1047 1722 1132 'Theoxenia
1791 1080 1853 1129 et
1903 1070 2289 1131 Pellenensia
2356 1091 2623 1132 comme-

419 1184 757 1264 morantur.

631 1276 886 1352 Delphis
951 1276 1257 1335 Latonam
1332 1276 1472 1333 festi
1536 1276 1660 1332 diei
1736 1276 2097 1351 participem
2168 1276 2355 1335 fuisse
2418 1277 2668 1335 elucet*

387 1396 500 1450 ‚ex
577 1377 926 1435 Polemonis
1008 1375 1031 1453 ζ
1041 1396 1136 1453 ap.
1181 1377 1322 1435 Ath.
1369 1376 1474 1444 IX,
1532 1394 1590 1451 p.
1636 1391 1751 1451 372
1772 1372 1834 1453 a)
1911 1376 2134 1433 verbis:
2217 1374 2619 1439 διατέτακται

362 1485 367 1493 ’
421 1476 602 1555 παρὰ
667 1475 962 1555 Δελφοῖς
1019 1480 1094 1558 τῇ
1162 1474 1354 1557 θυσίᾳ
1418 1478 1550 1538 τῶν
1618 1472 2012 1553 Θεοξενίων,
2090 1472 2165 1550 ὅς
2231 1475 2312 1539 ἂν
2386 1476 2616 1561 κομίσῃ

315 1573 318 1576 ’
423 1576 776 1654 γηθυλλίδα
825 1577 1129 1654 μεγίστην
1174 1581 1249 1659 τῇ
1317 1574 1529 1656 Λητοῖ,
1599 1574 1946 1654 λαμβάνειν
2013 1579 2242 1655 μοῖραν
2308 1574 2437 1640 ἀπὸ
2504 1580 2619 1655 τῆς

422 1679 760 1757 τραπέζης.
850 1683 942 1739 Αο
986 1684 1035 1740 si
1083 1683 1327 1739 Latona
1391 1682 1665 1741 interfuit
1731 1682 1908 1756 festo,
1974 1701 2053 1738 ne
2098 1682 2302 1740 Diana
2368 1684 2618 1757 quidem

427 1786 676 1841 exclusa
722 1783 903 1841 fuerit
942 1801 1205 1841 necesse
1251 1790 1364 1841 est.
1432 1783 1651 1857 Itaque
1695 1785 1778 1841 ad
1822 1783 2034 1840 horum
2082 1784 2261 1840 trium
2304 1784 2619 1842 numinum

427 1902 705 1942 mensam
750 1885 922 1942 cibos
969 1886 1299 1942 attulerunt
1344 1882 1722 1958 Delphorum
1766 1884 1961 1954 cives;
2011 1902 2044 1941 e
2091 1885 2309 1959 quibus
2359 1876 2620 1944 fortasse

424 1986 496 2054 is,
544 1987 645 2061 qui
680 1986 911 2043 bonurn
961 2004 1027 2043 se
1057 1986 1414 2060 praestabat
1447 1985 1781 2060 agricolam
1823 2002 1900 2042 eo
1944 1988 2114 2059 quod
2147 1987 2472 2045 maximam
2518 2007 2620 2045 ce-

421 2105 565 2162 pam
611 2087 950 2156 adferebat,
998 2087 1167 2144 illum
1201 2087 1570 2161 singularem
1601 2086 1898 2144 honorem
1927 2088 2199 2144 nancisci
2244 2088 2503 2157 solebat,
2552 2097 2619 2145 ut
2725 2097 2731 2120 ¹

427 2189 483 2244 ei
525 2189 726 2264 portio
773 2189 1088 2264 epularum
1121 2188 1543 2246 sacrificalium
1573 2187 2047 2245 adiudicaretur.
2127 2189 2209 2246 At
2250 2207 2376 2246 non
2419 2190 2618 2247 solum

423 2289 583 2346 hanc
633 2290 713 2346 ob
761 2308 1009 2348 causam
1051 2307 1256 2365 neque
1305 2307 1380 2345 ex
1425 2288 1681 2364 Delphis
1728 2289 1871 2347 solis
1917 2290 2274 2347 sacerdotes
2320 2292 2618 2365 eligerunt

421 2390 698 2449 homines
763 2410 1017 2449 mensae
1084 2391 1447 2466 participeS,
1529 2391 1645 2446 sed
1699 2390 1895 2460 xetiam
1960 2400 2247 2448 externos
2308 2392 2616 2449 interdum

423 2494 646 2549 eodem
691 2492 923 2549 honore
970 2493 1190 2566 dignos
1250 2508 1390 2547 esse
1435 2490 1679 2547 habitos
1726 2490 2071 2566 exemplum
2115 2490 2360 2549 Pindari
2406 2494 2611 2552 docet.

419 2592 681 2650 Exstant
738 2595 902 2652 duae
961 2594 1128 2668 apud
1179 2594 1339 2649 vitae
1399 2592 1754 2666 scriptorem
1812 2592 2192 2650 historiolae:
2280 2587 2614 2653 Ἀπόλλων

416 2694 578 2765 γοῦν
625 2690 798 2754 οὕτω
844 2691 1049 2769 φασὶν
1107 2689 1307 2754 αὐτὸν
1353 2690 1584 2769 ἐφίλει,
1650 2689 1741 2767 ως
1806 2690 1909 2754 καὶ
1975 2690 2200 2768 μερίδα
2267 2689 2614 2770 λαμβάνειν

419 2790 491 2854 ἐκ
533 2795 665 2855 τῶν
709 2792 1045 2869 θυομένων
1091 2791 1332 2873 ἐκείνῳ,
1399 2791 1503 2854 καὶ
1567 2791 1684 2854 τὸν
1749 2790 1927 2868 ἱερέα
1994 2792 2065 2855 δὲ
2131 2794 2292 2871 βοᾶν
2357 2791 2428 2855 έν
2472 2794 2611 2869 ταῖς

421 2892 697 2970 θυσίαις·
779 2891 1136 2971 “Πίνδαρος
1179 2892 1281 2956 ἐπὶ
1324 2893 1398 2956 τὸ
1447 2895 1707 2955 δεῖπνον
1752 2897 1843 2976 τῷ
1890 2890 2075 2975 θεῷ’
2134 2892 2171 2969 ἢ
2220 2892 2322 2955 καὶ
2367 2890 2609 2967 ἄλλως·

417 2990 775 3071 ςΠίνδαρος
818 2992 934 3055 ἰ’τω
981 2993 1081 3057 ἐπὶ
1126 2994 1201 3056 τὸ
1247 2996 1511 3057 δεῖπνον
1555 2997 1671 3056 τοῦ
1731 2991 1931 3057 θεοῡ’.
2003 2994 2165 3056 κατὰ
2229 2994 2301 3056 δὲ
2369 2990 2610 3069 ἄλλους

417 3093 488 3157 ἐν
526 3094 821 3173 Δελφοῖς
867 3094 1096 3158 κλείειν
1142 3094 1180 3157 ὁ
1226 3093 1554 3172 νεωκόρος
1602 3094 1857 3172 μέλλων
1914 3094 2031 3157 τὸν
2086 3094 2255 3157 νεὼν
2300 3092 2610 3171 κηρύσσει

416 3194 552 3258 καθ’
610 3194 885 3274 ἡμέραν·
987 3193 1340 3272 <Πίνδαρος
1406 3194 1443 3257 ὁ
1513 3194 1916 3272 μουσοποιὸς
1987 3194 2233 3273 παρίτω
2302 3193 2468 3270 πρὸς
2532 3188 2608 3255 τὸ

416 3299 679 3360 δεῖπνον
724 3302 815 3378 τῷ
861 3294 1036 3381 θεῷ’.
1099 3288 1377 3374 Itemque
1418 3298 1652 3374 posteri
1682 3299 1928 3356 Pindari
1972 3317 2008 3355 a
2053 3301 2175 3355 deo
2217 3298 2607 3355 honoraban-

415 3389 510 3456 tur
527 3416 541 3468 ;
611 3400 689 3461 cf.
738 3399 891 3459 Plut.
950 3419 1064 3458 ser.
1118 3418 1281 3460 num.
1338 3401 1501 3459 vind.
1564 3418 1612 3459 e.
1668 3417 1773 3474 13:
1856 3395 2296 3475 ἀναμνήσθητι
2357 3396 2429 3459 δὲ
2473 3398 2605 3458 τῶν

415 3687 704 3753 (Delphica
738 3704 790 3753 p.
813 3700 907 3749 943
949 3687 1074 3755 299)
1130 3705 1237 3739 non
1288 3688 1520 3739 debebat
1567 3689 1832 3755 Orphicos
1889 3690 2114 3755 hymnos
2171 3691 2238 3739 ad
2291 3690 2605 3740 sententiam

414 3792 562 3825 suam
599 3777 923 3826 fulciendam
964 3778 1155 3829 adcire.
1231 3779 1369 3827 Nam
1405 3779 1502 3828 illa
1538 3778 1805 3841 πάνθειος
1839 3778 2057 3843 τελετή,
2102 3779 2169 3828 ad
2206 3796 2361 3845 quam
2398 3782 2606 3829 Latona

410 3864 660 3914 invitatur
717 3864 916 3930 (hymn.
955 3866 1263 3925 XXXVII,
1302 3866 1372 3930 7),
1435 3867 1500 3915 ad
1553 3867 1889 3931 Delphorum
1942 3866 2252 3916 Theoxenia
2307 3875 2447 3917 certe
2498 3883 2607 3916 non

413 3962 630 4020 spectat.
725 3955 799 4003 Vt
838 3956 1073 4003 omittam
1110 3954 1166 4004 in
1215 3955 1392 4019 hymn.
1429 3956 1560 4004 LIII
1602 3954 1868 4004 Bacchum
1906 3955 2245 4014 Chthonium,
2293 3956 2347 4004 in
2382 3955 2434 4004 h.
2476 3957 2605 4006 LIV

413 4042 650 4091 Silenum
694 4044 760 4092 ad
796 4041 1064 4095 πάνθειον
1111 4043 1343 4107 τελετὴν
1387 4043 1610 4103 invitari,
1672 4051 1783 4093 tota
1835 4043 2022 4092 horum
2078 4044 2364 4093 carminum
2416 4051 2604 4093 natura

413 4147 520 4180 non
559 4140 640 4181 est
677 4148 755 4197 ea,
795 4147 929 4196 quae
969 4132 1132 4181 sacris
1171 4131 1405 4197 publicis
1443 4132 1616 4180 lucem
1659 4133 1874 4183 adferat.
1939 4132 2194 4181 Conseras
2221 4134 2303 4183 R.
2342 4132 2604 4182 Schoellii

411 4220 824 4284 disputationem
880 4219 974 4269 ‘de
1001 4220 1368 4269 communibus
1407 4227 1460 4269 et
1496 4221 1741 4283 collegiis
1781 4222 2098 4285 quibusdam
2137 4219 2483 4270 Graecorum'
2546 4220 2601 4270 in

409 4308 512 4359 Sat.
552 4307 743 4373 philol.
783 4310 853 4359 H.
895 4308 1129 4373 Sauppio
1170 4309 1280 4360 obl.
1317 4324 1368 4373 p.
1403 4309 1500 4373 178
1524 4325 1638 4374 sqq.
