3234 5109
833 345 868 395 40

303 514 520 576 ascenderunt.
545 511 601 567 sed
623 485 775 583 utrimque
796 509 828 565 in
851 509 991 566 scabellis
1015 518 1106 567 stant.
1143 508 1242 581 Quale
1264 529 1402 569 momen-

304 621 372 670 tum
405 612 513 669 artifex
535 619 767 687 repraesentare
798 611 936 678 voluerit,
967 630 1030 668 11011
1061 612 1195 669 audeam
1222 613 1400 671 decernere.

301 714 450 771 Attamen
477 714 623 787 quoniam
645 713 781 771 Ariadne
802 730 928 787 pomum
955 720 1009 769 aut
1030 711 1206 787 placentam
1228 723 1280 770 aut
1303 715 1400 771 simile

301 815 376 889 quid
388 816 554 888 protendit,
577 831 668 870 nemo
680 832 744 870 non
755 815 935 870 recordatur
944 813 1196 871 caerimoniarum
1211 815 1399 888 nuptialium,

301 933 382 989 quae
400 916 482 991 apud
500 915 639 972 Graecos
661 915 693 971 in
714 933 773 972 usu
789 923 885 974 erant.
908 913 956 974 Cf.
971 913 1140 972 Hermanni
1162 923 1194 971 et
1209 913 1319 971 Starkii
1333 917 1400 990 pri·

302 1016 465 1075 vatalterth.
488 1015 570 1090 §31,
594 1016 643 1084 28,
668 1032 717 1088 zq.

399 1114 546 1173 Wieseler
574 1109 752 1195 (salyrspt'el,
774 1135 803 1191 p.
825 1132 880 1189 133
911 1124 976 1174 not.
1010 1133 1035 1173 1.
1058 1116 1101 1175 D.
1125 1116 1162 1175 A.
1186 1115 1224 1173 K
1252 1116 1269 1176 l.
1298 1110 1339 1195 c.)
1368 1125 1401 1173 et

300 1217 507 1293 Heydemann
531 1217 653 1293 figuras,
676 1235 756 1292 quae
783 1218 815 1273 in
841 1217 988 1291 gradibus
1020 1225 1112 1286 stant,
1145 1235 1208 1275 non
1239 1220 1316 1275 deos
1343 1219 1401 1275 sed

300 1321 480 1377 sacerdotes
502 1318 617 1377 Bacchi
639 1336 710 1376 esse
732 1320 914 1377 existimant.
965 1317 1102 1390 Quorum
1125 1320 1183 1388 ille,
1215 1337 1401 1395 quamquam

301 1421 446 1478 concedit
468 1421 620 1477 neminem
641 1437 703 1477 non
719 1421 817 1496 primo
830 1421 980 1494 adspectu
1006 1420 1047 1476 de
1069 1419 1193 1477 Baccho
1216 1430 1248 1477 et
1262 1421 1401 1479 Ariadna

300 1524 506 1598 cogitaturum
529 1541 608 1592 esse,
642 1532 756 1593 tamon,
790 1525 861 1599 quia
886 1524 1027 1583 Bacchus
1054 1542 1205 1599 nusquam
1232 1526 1332 1582 bracis
1354 1525 1400 1581 in·

302 1627 395 1682 dutus
417 1627 597 1696 inveniatur,
618 1626 701 1683 11111111
718 1627 814 1683 11111111
830 1626 985 1684 Bacchum
1007 1644 1076 1684 esse
1092 1645 1187 1702 posse
1199 1636 1303 1701 negat.
1336 1627 1401 1684 Sed

300 1726 379 1783 haec
402 1726 565 1784 difficultas
587 1728 647 1784 iam
671 1744 764 1803 supra
784 1744 802 1782 a
823 1727 912 1783 nohis
935 1728 1056 1785 sublata
1079 1725 1173 1801 est1).

399 1827 463 1885 Sed
485 1829 546 1886 iam
579 1829 716 1904 adspice,
751 1845 879 1902 quaese,
909 1828 1043 1902 Satyros,
1078 1828 1130 1902 qui
1159 1829 1243 1885 dolio
1274 1836 1307 1884 et
1334 1837 1400 1885 utre

300 1929 440 1986 instructi
463 1938 543 1999 sunt,
574 1931 661 1987 nullis
684 1939 788 1987 autem
808 1930 935 2006 poculis,
972 1929 1170 1988 Conferenda
1191 1938 1240 1986 est
1261 1930 1311 1986 alii
1333 1915 1400 1987 vas·

301 2031 360 2089 culi
383 2032 495 2106 imago,
526 2050 606 2106 quae
639 2033 723 2107 apud
745 2032 905 2089 Millinium
920 2032 1010 2105 perat.
1035 2033 1061 2090 d.
1084 2050 1173 2096 vaser,
1203 2030 1242 2100 II,
1271 2031 1332 2089 tab.
1349 2029 1400 2103 65,

278 2134 454 2220 'delineata
493 2139 541 2189 est
571 2131 627 2200 (D.
662 2133 697 2192 A.
733 2131 771 2193 K.
805 2132 847 2202 H,
884 2133 948 2190 tab.
972 2148 1027 2204 40,
1050 2128 1141 2206 478l:
1189 2131 1261 2188 Duo
1303 2130 1400 2206 Satyri
1491 2130 1500 2136 “

300 2233 429 2301 barbati,
453 2249 582 2306 quorum
597 2234 700 2307 capita
715 2243 748 2291 01
771 2250 901 2308 corpora
923 2232 1102 2290 hederaceis
1126 2241 1157 2289 et
1179 2232 1289 2289 laureis
1312 2232 1399 2289 sertis

302 2334 445 2391 redimita
467 2341 547 2402 sunt,
571 2334 649 2390 inter
671 2352 704 2391 se
727 2336 848 2391 adversi
870 2334 991 2393 sedent.
1027 2334 1113 2392 Alter
1134 2334 1282 2390 ambabus
1304 2333 1400 2389 mani·

298 2435 355 2491 bus
388 2435 504 2492 dolium
538 2435 720 2492 hederatum
742 2436 962 2511 vcomplectitur
995 2443 1166 2511 potaturus,
1199 2435 1276 2491 alter
1298 2444 1396 2491 utrem

301 2538 374 2594 item
396 2534 513 2592 hedera
535 2545 685 2596 ornatum.
728 2538 857 2594 Intentis
886 2537 982 2595 oculis
1006 2537 1083 2593 alter
1106 2537 1234 2593 alterum
1256 2535 1398 2610 adspicit,

300 2646 334 2694 ut
356 2654 419 2693 non
446 2636 575 2693 dubium
597 2638 644 2711 sit,
673 2638 745 2711 quin
768 2647 925 2695 certamen
947 2638 1073 2695 bibendi
1096 2638 1192 2694 acturi
1212 2639 1332 2711 signum
1353 2637 1399 2691 in·

300 2738 433 2812 cipiendi
448 2746 638 2812 exspectent.
673 2737 742 2795 Hac
755 2739 846 2813 igitur
856 2739 1141 2813 repraesentatione
1163 2737 1328 2795 illustratur
1350 2737 1399 2794 ille

298 2836 564 2895 Anthesteriorum
591 2857 669 2908 mos,
699 2840 739 2895 de
762 2856 824 2913 quo
845 2840 1068 2915 Aristophanes
1090 2837 1180 2914 (11011.
1209 2855 1287 2898 1000
1302 2836 1399 2914 sqq.):

502 2936 583 2999 κατὰ
605 2937 645 2999 τὰ
666 2935 784 3015 πάτρια
805 2939 884 3015 τοὺς
906 2937 987 3015 χόας

406 3027 409 3033 ’
449 3037 551 3110 πίνειν
572 3036 635 3101 ὑπὸ
657 3040 715 3115 τῆς
737 3038 931 3116 σάλπιγγος·
954 3039 992 3115 ὃς
1015 3040 1043 3102 δ’
1067 3037 1107 3101 ἂν
1127 3038 1216 3120 ἐκπίῃ

447 3138 639 3217 πρώτιστος,
663 3137 766 3204 ἀσκὸν
790 3139 1021 3218 Κτησιφῶντος
1044 3139 1190 3216 λήψεται.

300 3244 339 3303 01.
368 3245 405 3303 Α.
434 3243 659 3301 Mommsenum
692 3243 809 3304 heorlol.
838 3262 868 3319 p.
886 3242 948 3318 360
963 3261 1028 3318 sqq.
1064 3242 1212 3299 Nimirum
1240 3243 1338 3318 Satyri
1365 3251 1400 3301 ut

300 3346 413 3403 ebriosi
434 3363 497 3402 11011
520 3341 601 3419 χόας
623 3353 772 3420 usurpant
793 3348 851 3403 sed
872 3347 940 3419 ipsa
962 3362 1035 3401 vasa
1056 3346 1274 3420 promptuaria.
1312 3344 1400 3402 Serta
1431 3423 1439 3428 ἢ

301 3465 426 3521 quoque
441 3448 591 3505 hederata
615 3448 737 3522 egregie
760 3449 948 3505 conveniunt
969 3445 1191 3515 Anthesteriis3
1215 3445 1254 3503 cf.
1276 3463 1403 3522 prover·
1421 3429 1435 3450 '⁷

299 3548 397 3605 bium:
421 3545 536 3621 κισσὸς
546 3542 612 3621 μετ’
632 3543 848 3622 Ἀνθεστήρια,
863 3549 1066 3622 Paroemiogr.
1083 3547 1180 3606 011.Ε,
1196 3548 1236 3602 de
1252 3547 1398 3614 Leutsch,

300 3651 408 3724 Apost.
430 3648 484 3717 IX,
508 3663 545 3723 77
560 3667 587 3707 a.

399 3748 510 3807 Nonne
525 3758 615 3825 putas
635 3750 780 3808 artificem
796 3750 910 3807 vasculi
925 3749 1104 3806 Hamiltonii
1125 3750 1208 3806 idem
1234 3741 1347 3806 festum
1368 3748 1399 3805 in
1471 3809 1479 3820 Ι

300 3859 404 3907 mente
427 3850 581 3919 habuisse,
613 3868 682 3907 cum
704 3852 784 3908 duos
807 3852 872 3908 illos
895 3849 1018 3925 Satyros
1041 3850 1157 3907 hedera
1179 3857 1344 3907 coronatos
1367 3859 1399 3907 et
1491 3839 1503 3844 ⁸

403 4087 429 4157 1)
448 4090 591 4139 Bacchum
605 4091 700 4141 eodem
723 4092 779 4141 fere
799 4092 894 4141 habitu
917 4107 1070 4157 expressum
1095 4091 1214 4141 invenies
1233 4090 1262 4139 in
1280 4090 1414 4156 vasculo,·

301 4178 373 4243 quod
392 4176 539 4227 Tischbein
559 4178 577 4230 l.
592 4194 614 4230 c.
634 4180 688 4231 vol.
704 4181 755 4241 111,
774 4182 829 4231 tab.
846 4191 876 4244 19
896 4180 1054 4238 delineavit,
1074 4199 1108 4224 =
1127 4180 1164 4229 D.
1183 4179 1216 4231 Α.
1235 4179 1269 4229 K
1288 4178 1325 4238 H,
1344 4177 1398 4228 tab.
1486 4237 1493 4241 ὴ

300 4266 344 4330 48,
357 4266 417 4331 603.
