3234 5109
751 463 754 470 ,
829 412 861 466 50

294 577 477 655 glyphorum
491 578 641 635 rationem
655 586 860 652 naturamque
875 577 1000 652 penitus
1024 577 1218 653 perspexisse
1240 578 1391 645 videatur,

293 699 348 739 suo
371 683 435 737 iure
458 679 609 737 Kekule
632 674 692 757 (ak.
716 680 872 736 kunstmus.
902 677 990 753 1872.
1011 697 1041 753 p.
1058 680 1148 752 427):
1176 672 1266 735 ‘Eim
1288 678 1392 757 besrie·

294 783 416 856 digende
439 783 567 855 deutung
587 781 623 836 ist
643 780 713 837 noch
736 780 818 837 nich!
835 775 1012 855 gesunden’.

392 881 468 940 Otto
495 881 571 938 Iahn
605 882 681 938 scite
716 881 866 938 intellexit
900 880 1073 957 anaglypha
1106 890 1213 939 nostra
1244 882 1392 955 originem

291 983 413 1041 trahere
436 1001 474 1039 ex
495 984 679 1057 imaginibus
707 982 880 1040 tabularum
911 984 1089 1039 votivarum.
1145 981 1236 1053 Quae
1259 1000 1307 1039 res
1330 984 1392 1039 iam

293 1103 357 1142 non
379 1086 482 1161 posita
504 1093 552 1142 est
567 1085 598 1140 in
614 1084 800 1151 coniectura,
825 1085 882 1140 sed
898 1092 1097 1142 monumento
1113 1085 1252 1157 quodam
1268 1084 1391 1159 egregie

292 1189 448 1262 probatur.
482 1186 605 1243 Etenim
626 1194 699 1243 ante
721 1203 838 1260 paucos
861 1202 984 1242 menses
1006 1203 1052 1243 vv.
1076 1186 1142 1252 dd.,
1165 1186 1217 1259 qui
1240 1184 1391 1263 thesauris

292 1288 390 1346 musei
419 1288 546 1345 Parisini
567 1296 723 1362 praesunt,
758 1286 963 1361 anaglyphum
994 1303 1198 1343 marmoreum
1232 1303 1391 1360 compara·

293 1398 401 1447 verunt
424 1389 552 1447 Athenis
576 1390 692 1464 optima
715 1396 820 1445 aetate
842 1388 1034 1462 exsculptum
1056 1384 1108 1459 (cf.
1125 1406 1185 1445 rev.
1202 1387 1281 1445 arch.
1302 1385 1392 1455 1881,

291 1491 330 1559 ll,
352 1510 381 1566 p.
404 1486 483 1564 115),
506 1491 591 1564 quod
607 1490 696 1563 quasi
711 1488 909 1564 archetypum
924 1489 987 1545 sive
1001 1489 1105 1563 potius
1123 1505 1217 1544 unum
1232 1505 1270 1543 ex
1285 1485 1391 1544 arche-

292 1593 370 1668 typis
393 1608 462 1648 esse
486 1608 558 1648 mox
580 1591 707 1650 videbis

390 1694 417 1750 A
432 1689 466 1760 1).
508 1692 627 1749 Tabula
650 1692 731 1748 bene
754 1699 937 1748 conservata
959 1700 1021 1758 est;
1046 1708 1137 1766 super
1158 1691 1271 1763 figuras
1296 1691 1391 1766 parti-

293 1793 380 1850 culae
403 1801 524 1850 tantum
544 1794 702 1850 marmoris
725 1791 884 1849 defractae
901 1800 989 1859 sunt‚.
1006 1792 1121 1866 figurae
1144 1793 1232 1866 ipsae
1252 1792 1402 1867 pauculis
1445 1801 1449 1808 ’

292 1893 480 1950 laesionibus
503 1893 641 1968 exceptis
664 1902 735 1949 sunt
757 1894 934 1950 incolumes.
968 1924 1010 1931 —
1041 1892 1076 1949 ln
1110 1893 1220 1949 dextra
1251 1892 1391 1967 imaginis

291 2001 377 2069 parte
405 1995 448 2050 vir
470 1995 502 2050 in
524 1994 604 2051 lecto
627 1995 720 2052 cubat
741 1995 956 2063 sinistrorsum,
992 2002 1025 2050 ut
1055 2012 1110 2068 par
1136 2001 1184 2049 est
1196 1989 1231 2067 ²),
1265 2011 1391 2050 conver·

292 2111 361 2163 sus;
393 2096 518 2152 indutus
550 2104 599 2153 est
620 2095 762 2165 chitone;
796 2095 954 2153 inferiores
982 2096 1116 2170 corporis
1139 2102 1242 2170 partes
1265 2094 1390 2151 himatio

291 2204 451 2270 teguntur;
476 2206 569 2272 caput
592 2196 708 2253 hedera
730 2196 904 2254 redimitum
927 2206 984 2254 est.
1019 2196 1067 2253 Ex
1090 2197 1161 2263 oris,
1186 2196 1272 2252 cuius
1295 2195 1391 2252 barba

250 2329 256 2344 .
292 2299 403 2355 abrasa
425 2307 482 2367 est,
511 2298 704 2355 lineamentis
737 2300 900 2374 perspicue
934 2307 1062 2373 apparet
1096 2297 1242 2355 artificem
1273 2306 1392 2354 certum

291 2399 447 2473 quendam
469 2400 565 2457 virum
586 2398 784 2475 provectioris
807 2400 918 2456 aetatis
935 2399 1066 2454 voluisse
1084 2397 1209 2472 fingere.
1241 2398 1392 2455 Dextrum

291 2499 446 2557 brachium
474 2501 552 2558 tollit
587 2494 742 2575 tamquam
776 2501 923 2568 salutans,
958 2500 1076 2556 laevam
1105 2500 1229 2575 pulvino
1251 2500 1389 2575 imponit.

291 2601 396 2660 Laeva
431 2619 524 2658 manu
562 2610 648 2658 tenet
679 2619 823 2676 pomum,
861 2603 947 2676 quod
986 2602 1153 2674 sumpsisse
1193 2601 1315 2658 videtur
1349 2602 1391 2658 de

291 2697 397 2760 mensa
425 2701 570 2759 fructibus
597 2703 807 2778 placentisque
837 2712 958 2771 onusta,
994 2720 1085 2777 quam
1118 2704 1159 2758 ad
1193 2704 1306 2759 lectum
1335 2700 1391 2759 ad·

290 2804 424 2876 positam
447 2805 594 2859 videmus
646 2803 735 2861 quta
757 2821 896 2860 mensam
918 2806 1027 2879 anguis
1050 2821 1083 2860 se
1105 2805 1194 2878 erigit
1220 2821 1326 2861 esurus
1350 2805 1390 2860 de

290 2902 341 2959 illo
363 2920 465 2977 pomo.
520 2903 571 2960 Ad
594 2921 744 2970 summum
766 2904 879 2962 lectum
902 2905 1006 2962 adstat
1036 2922 1112 2979 puer
1133 2906 1246 2972 nuduS,
1279 2905 1391 2979 quiex

290 2999 421 3084 οἰνοχόῃ
446 3006 506 3062 alte
529 3006 649 3062 sublata
670 3008 771 3062 vinum
798 3007 830 3061 in
857 3015 995 3080 pateram
1028 3006 1136 3064 fundit.
1189 3004 1288 3080 Prope
1321 3021 1391 3061 eum

291 3106 419 3181 vestigia
443 3108 566 3164 crateris
589 3108 757 3183 conspicua
780 3115 859 3164 sunt.
893 3107 929 3164 In
952 3107 1022 3164 lecti
1038 3106 1181 3163 inferiore
1197 3114 1284 3180 parte
1301 3107 1396 3168 sedet,
1477 3103 1481 3104 ⁷
1554 3123 1568 3186 ἱ·
1591 3093 1604 3188 ἰ

291 3207 405 3265 femina
426 3209 604 3277 seminuda;
626 3209 744 3265 laevam
765 3225 890 3265 manum
905 3216 974 3264 toro
989 3208 1128 3281 imponit,
1151 3209 1292 3264 dextram
1316 3208 1390 3264 dex-

290 3315 420 3365 trorsum
457 3308 551 3381 tollit;
594 3309 707 3365 vultum
746 3317 849 3365 autem
887 3309 1092 3365 sinistrorsum
1134 3307 1292 3368 convertit.
1341 3307 1389 3364 Ab

290 3409 348 3466 hac
380 3409 460 3465 enim
493 3417 581 3485 parte
621 3409 704 3466 lente
743 3409 866 3465 accedit
899 3407 1039 3466 Bacchus
1075 3408 1228 3481 Satyrisco
1260 3409 1390 3467 innixus,

292 3507 393 3585 Caput
416 3511 467 3566 dei
490 3510 626 3566 imberbe
648 3518 680 3567 et
696 3511 902 3567 cincinnatum
923 3518 957 3566 ut
978 3510 1124 3566 vinolenti
1147 3509 1238 3583 paulo
1264 3495 1404 3565 inclina-⁷

291 3618 355 3667 tum
390 3619 447 3668 est.
494 3609 630 3668 Vestitus
656 3619 703 3668 est
736 3611 819 3667 brevi
849 3610 990 3677 chitone,
1024 3612 1072 3666 cui
1104 3611 1310 3685 superiniecta
1343 3617 1390 3665 est

289 3712 377 3786 pellis
399 3711 567 3787 pantheris,
601 3720 632 3769 et
667 3713 779 3786 caligis,
804 3730 886 3787 quae
908 3729 995 3768 crura
1017 3720 1134 3786 tegunt.
1171 3710 1276 3768 Laeva
1296 3728 1389 3766 manu

391 3892 416 3959 1)
435 3896 496 3944 Hoc
509 3895 571 3944 loco
585 3895 664 3945 liceat
677 3897 774 3958 gratias
790 3896 889 3944 referre
900 3894 1013 3952 Graefio,
1035 3894 1125 3943 semin.
1137 3891 1227 3941 Berol.
1247 3891 1314 3949 sod,
1334 3892 1388 3955 qui,

288 3997 346 4030 curn
364 3982 474 4031 Parisiis
500 3991 653 4043 moraretur,
680 3983 822 4048 anaglyphi
840 3983 983 4045 imaginem
1001 3982 1067 4030 mihi
1086 3982 1258 4031 adumbravit.
1297 3983 1387 4046 Gypso

288 4084 440 4135 expressum
464 4087 533 4120 nunc
557 4080 641 4122 exstat
667 4073 844 4138 anaglyphum
867 4072 895 4120 in
918 4087 1010 4120 museo
1030 4071 1208 4120 Berolinensi.
1247 4071 1293 4119 Ad
1315 4071 1388 4135 quod

287 4162 357 4211 sacta
376 4165 416 4207 est
434 4160 525 4209 tabula
543 4168 641 4212 nostra.

394 4243 421 4313 2)
440 4246 550 4299 Constat
569 4249 638 4298 enim
655 4256 759 4299 veteres
782 4250 867 4300 laevis
891 4250 1008 4299 brachiis
1033 4250 1061 4298 in
1079 4248 1204 4313 pulvinos
1223 4242 1388 4306 innixosJac·

287 4332 420 4384 cubuisse.
