<?xml version="1.0" encoding="UTF-8"?>
<!DOCTYPE html PUBLIC "-//W3C//DTD XHTML 1.0 Transitional//EN"
    "http://www.w3.org/TR/xhtml1/DTD/xhtml1-transitional.dtd">
<html xmlns="http://www.w3.org/1999/xhtml" xml:lang="en" lang="en">
 <head>
  <title>
</title>
<meta http-equiv="Content-Type" content="text/html;charset=utf-8" />
  <meta name='ocr-system' content='tesseract 3.04.00' />
  <meta name='ocr-capabilities' content='ocr_page ocr_carea ocr_par ocr_line ocrx_word'/>
</head>
<body>
  <div class='ocr_page' id='page_1' title='image "./detheoxeniisdis00denegoog_0036.png"; bbox 0 0 3234 5109; ppageno 0'>
   <div class='ocr_carea' id='block_1_1' title="bbox 820 489 854 539">
    <p class='ocr_par' dir='ltr' id='par_1_1' title="bbox 820 489 854 539">
     <span class='ocr_line' id='line_1_1' title="bbox 820 489 854 539; baseline 0 0"><span class='ocrx_word' id='word_1_1' title='bbox 820 489 854 539; x_wconf 84' lang='lat'>28</span> 
     </span>
    </p>
   </div>
   <div class='ocr_carea' id='block_1_2' title="bbox 290 659 1418 2056">
    <p class='ocr_par' dir='ltr' id='par_1_2' title="bbox 437 659 1167 739">
     <span class='ocr_line' id='line_1_2' title="bbox 437 659 1167 739; baseline -0.003 -14"><span class='ocrx_word' id='word_1_2' title='bbox 437 661 496 725; x_wconf 89' lang='grc' dir='ltr'>τὸν</span> <span class='ocrx_word' id='word_1_3' title='bbox 518 659 676 739; x_wconf 86' lang='grc' dir='ltr'>Ἡρακλέα</span> <span class='ocrx_word' id='word_1_4' title='bbox 697 663 825 739; x_wconf 84' lang='grc' dir='ltr'>τιμῶσα</span> <span class='ocrx_word' id='word_1_5' title='bbox 847 663 1002 738; x_wconf 85' lang='grc' dir='ltr'>λαμπρῶς</span> <span class='ocrx_word' id='word_1_6' title='bbox 1022 660 1041 737; x_wconf 88' lang='grc' dir='ltr'>ἡ</span> <span class='ocrx_word' id='word_1_7' title='bbox 1065 659 1167 738; x_wconf 91' lang='grc' dir='ltr'>πόλις,</span> 
     </span>
    </p>

    <p class='ocr_par' dir='ltr' id='par_1_3' title="bbox 437 753 1233 1449">
     <span class='ocr_line' id='line_1_3' title="bbox 438 753 1171 839; baseline -0.001 -13"><span class='ocrx_word' id='word_1_8' title='bbox 438 762 474 826; x_wconf 88' lang='grc' dir='ltr'>ἐν</span> <span class='ocrx_word' id='word_1_9' title='bbox 496 760 598 825; x_wconf 85' lang='grc' dir='ltr'>ἅπασι</span> <span class='ocrx_word' id='word_1_10' title='bbox 619 764 688 839; x_wconf 88' lang='grc' dir='ltr'>τοῖς</span> <span class='ocrx_word' id='word_1_11' title='bbox 710 760 824 839; x_wconf 83' lang='grc' dir='ltr'>δήμοις</span> <span class='ocrx_word' id='word_1_12' title='bbox 843 753 963 839; x_wconf 78' lang='grc' dir='ltr'>’θυσίας</span> <span class='ocrx_word' id='word_1_13' title='bbox 984 761 1171 839; x_wconf 84' lang='grc' dir='ltr'>ποιουμένη,</span> 
     </span>
     <span class='ocr_line' id='line_1_4' title="bbox 438 861 1223 945; baseline -0.003 -18"><span class='ocrx_word' id='word_1_14' title='bbox 438 862 566 942; x_wconf 83' lang='grc' dir='ltr'>εἰςτὰς</span> <span class='ocrx_word' id='word_1_15' title='bbox 588 863 703 940; x_wconf 86' lang='grc' dir='ltr'>θυσίας</span> <span class='ocrx_word' id='word_1_16' title='bbox 725 862 846 940; x_wconf 88' lang='grc' dir='ltr'>ταιίτας</span> <span class='ocrx_word' id='word_1_17' title='bbox 868 861 1069 940; x_wconf 84' lang='grc' dir='ltr'>παρασίτους</span> <span class='ocrx_word' id='word_1_18' title='bbox 1090 867 1137 945; x_wconf 86' lang='grc' dir='ltr'>τῷ</span> <span class='ocrx_word' id='word_1_19' title='bbox 1159 866 1223 945; x_wconf 81' lang='grc' dir='ltr'>θεῷ</span> 
     </span>
     <span class='ocr_line' id='line_1_5' title="bbox 438 963 1166 1043; baseline -0.001 -15"><span class='ocrx_word' id='word_1_20' title='bbox 438 963 602 1029; x_wconf 86' lang='grc' dir='ltr'>οὐπώποτ’</span> <span class='ocrx_word' id='word_1_21' title='bbox 626 963 859 1043; x_wconf 85' lang='grc' dir='ltr'>ἀπεκλήρωσεν</span> <span class='ocrx_word' id='word_1_22' title='bbox 882 963 960 1028; x_wconf 81' lang='grc' dir='ltr'>οὐδέ</span> <span class='ocrx_word' id='word_1_23' title='bbox 982 964 1166 1043; x_wconf 81' lang='grc' dir='ltr'>παρέλαβεν</span> 
     </span>
     <span class='ocr_line' id='line_1_6' title="bbox 437 1064 1201 1145; baseline -0.001 -15"><span class='ocrx_word' id='word_1_24' title='bbox 437 1065 484 1145; x_wconf 84' lang='grc' dir='ltr'>εἰς</span> <span class='ocrx_word' id='word_1_25' title='bbox 506 1069 608 1130; x_wconf 81' lang='grc' dir='ltr'>ταῦτα</span> <span class='ocrx_word' id='word_1_26' title='bbox 630 1067 708 1145; x_wconf 87' lang='grc' dir='ltr'>τούς</span> <span class='ocrx_word' id='word_1_27' title='bbox 730 1067 898 1144; x_wconf 86' lang='grc' dir='ltr'>τυχόντας,</span> <span class='ocrx_word' id='word_1_28' title='bbox 922 1064 1005 1129; x_wconf 85' lang='grc' dir='ltr'>ἀλλὰ</span> <span class='ocrx_word' id='word_1_29' title='bbox 1028 1067 1201 1141; x_wconf 87' lang='grc' dir='ltr'>κατέλεγεν</span> 
     </span>
     <span class='ocr_line' id='line_1_7' title="bbox 438 1166 1185 1246; baseline -0.001 -15"><span class='ocrx_word' id='word_1_30' title='bbox 438 1167 474 1231; x_wconf 82' lang='grc' dir='ltr'>ἐκ</span> <span class='ocrx_word' id='word_1_31' title='bbox 494 1171 560 1232; x_wconf 95' lang='grc' dir='ltr'>τῶν</span> <span class='ocrx_word' id='word_1_32' title='bbox 582 1170 724 1232; x_wconf 92' lang='grc' dir='ltr'>πολιτῶν</span> <span class='ocrx_word' id='word_1_33' title='bbox 746 1167 861 1232; x_wconf 81' lang='grc' dir='ltr'>δώδεκ’</span> <span class='ocrx_word' id='word_1_34' title='bbox 884 1166 1007 1246; x_wconf 87' lang='grc' dir='ltr'>ἄνδρας</span> <span class='ocrx_word' id='word_1_35' title='bbox 1026 1167 1185 1245; x_wconf 83' lang='grc' dir='ltr'>ἐπιμελῶς</span> 
     </span>
     <span class='ocr_line' id='line_1_8' title="bbox 439 1267 1233 1347; baseline -0.003 -14"><span class='ocrx_word' id='word_1_36' title='bbox 439 1269 631 1347; x_wconf 84' lang='grc' dir='ltr'>ἐκλεξαμένη</span> <span class='ocrx_word' id='word_1_37' title='bbox 655 1269 733 1347; x_wconf 88' lang='grc' dir='ltr'>τοὺς</span> <span class='ocrx_word' id='word_1_38' title='bbox 756 1268 792 1331; x_wconf 91' lang='grc' dir='ltr'>ἐκ</span> <span class='ocrx_word' id='word_1_39' title='bbox 814 1274 863 1333; x_wconf 86' lang='grc' dir='ltr'>δυ’</span> <span class='ocrx_word' id='word_1_40' title='bbox 887 1267 1031 1345; x_wconf 72' lang='grc' dir='ltr'>άστῶνῑ)</span> <span class='ocrx_word' id='word_1_41' title='bbox 1054 1267 1233 1345; x_wconf 87' lang='grc' dir='ltr'>γεγονότας</span> 
     </span>
     <span class='ocr_line' id='line_1_9' title="bbox 440 1367 1083 1449; baseline -0.005 -15"><span class='ocrx_word' id='word_1_42' title='bbox 440 1369 577 1449; x_wconf 83' lang='grc' dir='ltr'>ἔχοντας</span> <span class='ocrx_word' id='word_1_43' title='bbox 599 1369 724 1448; x_wconf 83' lang='grc' dir='ltr'>οὐσίας,</span> <span class='ocrx_word' id='word_1_44' title='bbox 747 1372 856 1446; x_wconf 92' lang='grc' dir='ltr'>καλῶς</span> <span class='ocrx_word' id='word_1_45' title='bbox 879 1367 1083 1448; x_wconf 87' lang='grc' dir='ltr'>βεβιωκότας.</span> 
     </span>
    </p>

    <p class='ocr_par' dir='ltr' id='par_1_4' title="bbox 290 1473 1418 1857">
     <span class='ocr_line' id='line_1_10' title="bbox 392 1473 1400 1549; baseline -0.005 -16"><span class='ocrx_word' id='word_1_46' title='bbox 392 1474 482 1533; x_wconf 90' lang='lat' dir='ltr'>Patet</span> <span class='ocrx_word' id='word_1_47' title='bbox 503 1475 577 1532; x_wconf 90' lang='lat' dir='ltr'>inde</span> <span class='ocrx_word' id='word_1_48' title='bbox 599 1476 642 1533; x_wconf 85' lang='lat' dir='ltr'>ad</span> <span class='ocrx_word' id='word_1_49' title='bbox 656 1474 797 1531; x_wconf 90' lang='lat' dir='ltr'>Herculis</span> <span class='ocrx_word' id='word_1_50' title='bbox 821 1473 901 1531; x_wconf 85' lang='lat' dir='ltr'>festa</span> <span class='ocrx_word' id='word_1_51' title='bbox 922 1491 1044 1549; x_wconf 83' lang='lat' dir='ltr'>pagana</span> <span class='ocrx_word' id='word_1_52' title='bbox 1066 1475 1146 1533; x_wconf 86' lang='lat' dir='ltr'>viros</span> <span class='ocrx_word' id='word_1_53' title='bbox 1169 1491 1239 1531; x_wconf 86' lang='lat' dir='ltr'>esse</span> <span class='ocrx_word' id='word_1_54' title='bbox 1261 1474 1400 1540; x_wconf 57' lang='lat' dir='ltr'>electos</span> 
     </span>
     <span class='ocr_line' id='line_1_11' title="bbox 291 1573 1418 1662; baseline -0.004 -28"><span class='ocrx_word' id='word_1_55' title='bbox 291 1577 343 1653; x_wconf 89' lang='lat' dir='ltr'>qui</span> <span class='ocrx_word' id='word_1_56' title='bbox 365 1577 598 1652; x_wconf 87' lang='lat' dir='ltr'>quodammodo</span> <span class='ocrx_word' id='word_1_57' title='bbox 624 1594 694 1633; x_wconf 91' lang='lat' dir='ltr'>cum</span> <span class='ocrx_word' id='word_1_58' title='bbox 715 1577 777 1633; x_wconf 92' lang='lat' dir='ltr'>deo</span> <span class='ocrx_word' id='word_1_59' title='bbox 792 1574 998 1650; x_wconf 86' lang='lat' dir='ltr'><strong>epularentur.</strong></span> <span class='ocrx_word' id='word_1_60' title='bbox 1044 1573 1090 1633; x_wconf 87' lang='lat' dir='ltr'>Cs.</span> <span class='ocrx_word' id='word_1_61' title='bbox 1106 1575 1217 1635; x_wconf 86' lang='lat' dir='ltr'><strong>Athen.</strong></span> <span class='ocrx_word' id='word_1_62' title='bbox 1233 1573 1285 1644; x_wconf 84' lang='lat' dir='ltr'>Vl,</span> <span class='ocrx_word' id='word_1_63' title='bbox 1305 1589 1346 1647; x_wconf 83' lang='lat'>23</span> <span class='ocrx_word' id='word_1_64' title='bbox 1352 1589 1418 1662; x_wconf 34' lang='lat' dir='ltr'>5a&#39;</span> 
     </span>
     <span class='ocr_line' id='line_1_12' title="bbox 291 1671 1399 1756; baseline -0.004 -21"><span class='ocrx_word' id='word_1_65' title='bbox 291 1696 328 1735; x_wconf 89' lang='lat' dir='ltr'>ex</span> <span class='ocrx_word' id='word_1_66' title='bbox 356 1676 512 1737; x_wconf 90' lang='lat' dir='ltr'>Clidemo:</span> <span class='ocrx_word' id='word_1_67' title='bbox 535 1673 587 1737; x_wconf 87' lang='grc' dir='ltr'>καὶ</span> <span class='ocrx_word' id='word_1_68' title='bbox 608 1672 781 1752; x_wconf 84' lang='grc' dir='ltr'>παράσιτοι</span> <span class='ocrx_word' id='word_1_69' title='bbox 803 1672 831 1737; x_wconf 85' lang='grc' dir='ltr'>δ’</span> <span class='ocrx_word' id='word_1_70' title='bbox 855 1673 1020 1756; x_wconf 85' lang='grc' dir='ltr'>ᾐρέθησαν</span> <span class='ocrx_word' id='word_1_71' title='bbox 1042 1677 1088 1749; x_wconf 86' lang='grc' dir='ltr'>τῶ</span> <span class='ocrx_word' id='word_1_72' title='bbox 1111 1671 1268 1750; x_wconf 89' lang='grc' dir='ltr'>Ἡρακλεῖ.</span> <span class='ocrx_word' id='word_1_73' title='bbox 1295 1677 1399 1734; x_wconf 85' lang='lat' dir='ltr'>Adde</span> 
     </span>
     <span class='ocr_line' id='line_1_13' title="bbox 290 1774 470 1857; baseline 0.022 -22"><span class='ocrx_word' id='word_1_74' title='bbox 290 1798 321 1854; x_wconf 90' lang='lat' dir='ltr'>p.</span> <span class='ocrx_word' id='word_1_75' title='bbox 338 1774 470 1857; x_wconf 54' lang='grc' dir='ltr'>κριοί).</span> 
     </span>
    </p>

    <p class='ocr_par' dir='ltr' id='par_1_5' title="bbox 291 1879 1397 2056">
     <span class='ocr_line' id='line_1_14' title="bbox 391 1879 1397 1954; baseline 0.002 -19"><span class='ocrx_word' id='word_1_76' title='bbox 391 1879 535 1954; x_wconf 89' lang='lat' dir='ltr'>Denique</span> <span class='ocrx_word' id='word_1_77' title='bbox 556 1879 660 1937; x_wconf 87' lang='lat' dir='ltr'>licebit</span> <span class='ocrx_word' id='word_1_78' title='bbox 680 1895 797 1937; x_wconf 91' lang='lat' dir='ltr'>morem</span> <span class='ocrx_word' id='word_1_79' title='bbox 820 1881 978 1954; x_wconf 84' lang='lat' dir='ltr'>quendam</span> <span class='ocrx_word' id='word_1_80' title='bbox 999 1881 1210 1938; x_wconf 86' lang='lat' dir='ltr'>Romanorum</span> <span class='ocrx_word' id='word_1_81' title='bbox 1231 1880 1397 1944; x_wconf 84' lang='lat' dir='ltr'>adhibere,</span> 
     </span>
     <span class='ocr_line' id='line_1_15' title="bbox 291 1979 1396 2056; baseline 0.002 -21"><span class='ocrx_word' id='word_1_82' title='bbox 291 1980 435 2053; x_wconf 89' lang='lat' dir='ltr'>quoniam</span> <span class='ocrx_word' id='word_1_83' title='bbox 460 1997 497 2037; x_wconf 87' lang='lat' dir='ltr'>ex</span> <span class='ocrx_word' id='word_1_84' title='bbox 524 1980 650 2055; x_wconf 85' lang='lat' dir='ltr'>ingenio</span> <span class='ocrx_word' id='word_1_85' title='bbox 673 1979 865 2038; x_wconf 87' lang='lat' dir='ltr'>Graecorum</span> <span class='ocrx_word' id='word_1_86' title='bbox 897 1990 989 2039; x_wconf 90' lang='lat' dir='ltr'>natus</span> <span class='ocrx_word' id='word_1_87' title='bbox 1012 1980 1149 2039; x_wconf 83' lang='lat' dir='ltr'>Graecos</span> <span class='ocrx_word' id='word_1_88' title='bbox 1183 1984 1257 2039; x_wconf 90' lang='lat' dir='ltr'>ritus</span> <span class='ocrx_word' id='word_1_89' title='bbox 1282 1990 1396 2056; x_wconf 89' lang='lat' dir='ltr'>aperte</span> 
     </span>
    </p>
   </div>
   <div class='ocr_carea' id='block_1_3' title="bbox 291 2080 1477 2156">
    <p class='ocr_par' dir='ltr' id='par_1_6' title="bbox 291 2080 1477 2156">
     <span class='ocr_line' id='line_1_16' title="bbox 291 2080 1477 2156; baseline 0.008 -19"><span class='ocrx_word' id='word_1_90' title='bbox 291 2080 438 2155; x_wconf 84' lang='lat' dir='ltr'>sequitur.</span> <span class='ocrx_word' id='word_1_91' title='bbox 479 2080 660 2138; x_wconf 88' lang='lat' dir='ltr'>Potitiorum</span> <span class='ocrx_word' id='word_1_92' title='bbox 682 2082 763 2138; x_wconf 87' lang='lat' dir='ltr'>enim</span> <span class='ocrx_word' id='word_1_93' title='bbox 785 2099 872 2156; x_wconf 82' lang='lat' dir='ltr'>gens,</span> <span class='ocrx_word' id='word_1_94' title='bbox 896 2083 981 2139; x_wconf 89' lang='lat' dir='ltr'>cuius</span> <span class='ocrx_word' id='word_1_95' title='bbox 1003 2084 1133 2140; x_wconf 87' lang='lat' dir='ltr'>maiores</span> <span class='ocrx_word' id='word_1_96' title='bbox 1149 2083 1314 2141; x_wconf 85' lang='lat' dir='ltr'>Herculem</span> <span class='ocrx_word' id='word_1_97' title='bbox 1338 2102 1396 2141; x_wconf 87' lang='lat' dir='ltr'>ex·</span> <span class='ocrx_word' id='word_1_98' title='bbox 1466 2135 1477 2146; x_wconf 74' lang='grc'>,</span> 
     </span>
    </p>
   </div>
   <div class='ocr_carea' id='block_1_4' title="bbox 290 2180 1394 3473">
    <p class='ocr_par' dir='ltr' id='par_1_7' title="bbox 290 2180 1394 3473">
     <span class='ocr_line' id='line_1_17' title="bbox 291 2180 1393 2261; baseline 0.005 -23"><span class='ocrx_word' id='word_1_99' title='bbox 291 2180 412 2255; x_wconf 83' lang='lat' dir='ltr'>cepisse</span> <span class='ocrx_word' id='word_1_100' title='bbox 433 2183 631 2259; x_wconf 82' lang='lat' dir='ltr'>putabantur,</span> <span class='ocrx_word' id='word_1_101' title='bbox 652 2181 793 2240; x_wconf 92' lang='lat' dir='ltr'>Herculis</span> <span class='ocrx_word' id='word_1_102' title='bbox 808 2185 1010 2258; x_wconf 86' lang='lat' dir='ltr'>parasitorum</span> <span class='ocrx_word' id='word_1_103' title='bbox 1024 2202 1152 2242; x_wconf 87' lang='lat' dir='ltr'>munere</span> <span class='ocrx_word' id='word_1_104' title='bbox 1174 2183 1393 2261; x_wconf 83' lang='lat' dir='ltr'>fungebantur.</span> 
     </span>
     <span class='ocr_line' id='line_1_18' title="bbox 291 2280 1394 2360; baseline 0.006 -23"><span class='ocrx_word' id='word_1_105' title='bbox 291 2280 403 2338; x_wconf 88' lang='lat' dir='ltr'>Eidem</span> <span class='ocrx_word' id='word_1_106' title='bbox 425 2281 550 2340; x_wconf 88' lang='lat' dir='ltr'>Herculi</span> <span class='ocrx_word' id='word_1_107' title='bbox 572 2282 710 2340; x_wconf 89' lang='lat' dir='ltr'>homines</span> <span class='ocrx_word' id='word_1_108' title='bbox 733 2283 889 2340; x_wconf 89' lang='lat' dir='ltr'>divitiores</span> <span class='ocrx_word' id='word_1_109' title='bbox 913 2284 1066 2341; x_wconf 87' lang='lat' dir='ltr'>decimam</span> <span class='ocrx_word' id='word_1_110' title='bbox 1087 2287 1243 2360; x_wconf 85' lang='lat' dir='ltr'>copiarum</span> <span class='ocrx_word' id='word_1_111' title='bbox 1265 2303 1394 2344; x_wconf 91' lang='lat' dir='ltr'>suarum</span> 
     </span>
     <span class='ocr_line' id='line_1_19' title="bbox 291 2384 1394 2461; baseline 0.007 -23"><span class='ocrx_word' id='word_1_112' title='bbox 291 2391 410 2456; x_wconf 87' lang='lat' dir='ltr'>partem</span> <span class='ocrx_word' id='word_1_113' title='bbox 438 2384 585 2441; x_wconf 88' lang='lat' dir='ltr'>dedicare</span> <span class='ocrx_word' id='word_1_114' title='bbox 608 2385 758 2443; x_wconf 85' lang='lat' dir='ltr'>solebant.</span> <span class='ocrx_word' id='word_1_115' title='bbox 812 2384 891 2442; x_wconf 85' lang='lat' dir='ltr'>Satis</span> <span class='ocrx_word' id='word_1_116' title='bbox 918 2385 1019 2442; x_wconf 88' lang='lat' dir='ltr'>habeo</span> <span class='ocrx_word' id='word_1_117' title='bbox 1050 2386 1134 2444; x_wconf 90' lang='lat' dir='ltr'>locos</span> <span class='ocrx_word' id='word_1_118' title='bbox 1153 2388 1311 2461; x_wconf 88' lang='lat' dir='ltr'>primarios</span> <span class='ocrx_word' id='word_1_119' title='bbox 1335 2391 1394 2446; x_wconf 90' lang='lat' dir='ltr'>ad-</span> 
     </span>
     <span class='ocr_line' id='line_1_20' title="bbox 292 2482 1393 2563; baseline 0.01 -24"><span class='ocrx_word' id='word_1_120' title='bbox 292 2482 383 2554; x_wconf 88' lang='lat' dir='ltr'>ferre;</span> <span class='ocrx_word' id='word_1_121' title='bbox 422 2484 514 2545; x_wconf 90' lang='lat' dir='ltr'>Diod.</span> <span class='ocrx_word' id='word_1_122' title='bbox 531 2482 584 2555; x_wconf 92' lang='lat' dir='ltr'>lV,</span> <span class='ocrx_word' id='word_1_123' title='bbox 610 2501 658 2555; x_wconf 87' lang='lat'>21,</span> <span class='ocrx_word' id='word_1_124' title='bbox 684 2501 717 2543; x_wconf 90' lang='lat'>2:</span> <span class='ocrx_word' id='word_1_125' title='bbox 739 2518 779 2529; x_wconf 89' lang='lat'>—-</span> <span class='ocrx_word' id='word_1_126' title='bbox 801 2518 843 2527; x_wconf 86' lang='lat'><em>-</em></span> <span class='ocrx_word' id='word_1_127' title='bbox 864 2486 930 2547; x_wconf 94' lang='grc' dir='ltr'>τῶν</span> <span class='ocrx_word' id='word_1_128' title='bbox 951 2483 1120 2563; x_wconf 85' lang='grc' dir='ltr'>ἐπιφανῶν</span> <span class='ocrx_word' id='word_1_129' title='bbox 1143 2483 1247 2563; x_wconf 91' lang='grc' dir='ltr'>όντεςΙ</span> <span class='ocrx_word' id='word_1_130' title='bbox 1260 2483 1393 2563; x_wconf 87' lang='grc' dir='ltr'>ἀνδρῶν</span> 
     </span>
     <span class='ocr_line' id='line_1_21' title="bbox 293 2580 1392 2663; baseline 0.005 -19"><span class='ocrx_word' id='word_1_131' title='bbox 293 2580 407 2660; x_wconf 86' lang='grc' dir='ltr'>Κάκιος</span> <span class='ocrx_word' id='word_1_132' title='bbox 429 2583 481 2647; x_wconf 87' lang='grc' dir='ltr'>καὶ</span> <span class='ocrx_word' id='word_1_133' title='bbox 502 2582 659 2661; x_wconf 83' lang='grc' dir='ltr'>Πινάριος</span> <span class='ocrx_word' id='word_1_134' title='bbox 682 2583 834 2649; x_wconf 87' lang='grc' dir='ltr'>ἐδέξαντο</span> <span class='ocrx_word' id='word_1_135' title='bbox 865 2584 923 2648; x_wconf 88' lang='grc' dir='ltr'>τὸν</span> <span class='ocrx_word' id='word_1_136' title='bbox 945 2583 1103 2663; x_wconf 89' lang='grc' dir='ltr'>Ἡρακλέα</span> <span class='ocrx_word' id='word_1_137' title='bbox 1126 2585 1241 2663; x_wconf 85' lang='grc' dir='ltr'>ξενίοις</span> <span class='ocrx_word' id='word_1_138' title='bbox 1264 2585 1392 2650; x_wconf 85' lang='grc' dir='ltr'>ἀξιολό-</span> 
     </span>
     <span class='ocr_line' id='line_1_22' title="bbox 291 2684 1391 2763; baseline 0.005 -17"><span class='ocrx_word' id='word_1_139' title='bbox 291 2702 362 2760; x_wconf 92' lang='grc' dir='ltr'>γοις</span> <span class='ocrx_word' id='word_1_140' title='bbox 384 2684 436 2747; x_wconf 89' lang='grc' dir='ltr'>καὶ</span> <span class='ocrx_word' id='word_1_141' title='bbox 462 2687 599 2763; x_wconf 84' lang='grc' dir='ltr'>δωρεαῖς</span> <span class='ocrx_word' id='word_1_142' title='bbox 626 2684 872 2763; x_wconf 88' lang='grc' dir='ltr'>κεχαρισμέναις</span> <span class='ocrx_word' id='word_1_143' title='bbox 895 2685 1063 2763; x_wconf 82' lang='grc' dir='ltr'>ἐτίμησαν·</span> <span class='ocrx_word' id='word_1_144' title='bbox 1093 2686 1145 2749; x_wconf 89' lang='grc' dir='ltr'>καῖ</span> <span class='ocrx_word' id='word_1_145' title='bbox 1172 2687 1298 2751; x_wconf 91' lang='grc' dir='ltr'>τούτων</span> <span class='ocrx_word' id='word_1_146' title='bbox 1323 2690 1391 2751; x_wconf 94' lang='grc' dir='ltr'>τῶν</span> 
     </span>
     <span class='ocr_line' id='line_1_23' title="bbox 294 2781 1392 2866; baseline 0.006 -21"><span class='ocrx_word' id='word_1_147' title='bbox 294 2781 424 2861; x_wconf 84' lang='grc' dir='ltr'>ἀνδρῶν</span> <span class='ocrx_word' id='word_1_148' title='bbox 447 2785 660 2864; x_wconf 85' lang='grc' dir='ltr'>ὑπομνήματα</span> <span class='ocrx_word' id='word_1_149' title='bbox 683 2786 773 2864; x_wconf 90' lang='grc' dir='ltr'>μέχρι</span> <span class='ocrx_word' id='word_1_150' title='bbox 794 2789 898 2850; x_wconf 89' lang='grc' dir='ltr'>τῶνδε</span> <span class='ocrx_word' id='word_1_151' title='bbox 913 2789 980 2850; x_wconf 91' lang='grc' dir='ltr'>τῶν</span> <span class='ocrx_word' id='word_1_152' title='bbox 1003 2790 1123 2865; x_wconf 90' lang='grc' dir='ltr'>καιρῶν</span> <span class='ocrx_word' id='word_1_153' title='bbox 1146 2790 1287 2866; x_wconf 89' lang='grc' dir='ltr'>διαμένει</span> <span class='ocrx_word' id='word_1_154' title='bbox 1309 2789 1392 2852; x_wconf 88' lang='grc' dir='ltr'>κατὰ</span> 
     </span>
     <span class='ocr_line' id='line_1_24' title="bbox 291 2884 1390 2968; baseline 0.007 -21"><span class='ocrx_word' id='word_1_155' title='bbox 291 2887 350 2965; x_wconf 86' lang='grc' dir='ltr'>τὴν</span> <span class='ocrx_word' id='word_1_156' title='bbox 372 2884 505 2966; x_wconf 90' lang='grc' dir='ltr'>Ῥώμην.</span> <span class='ocrx_word' id='word_1_157' title='bbox 527 2922 568 2931; x_wconf 94' lang='grc'><strong>-</strong></span> <span class='ocrx_word' id='word_1_158' title='bbox 590 2922 631 2931; x_wconf 80' lang='lat'><em>—</em></span> <span class='ocrx_word' id='word_1_159' title='bbox 653 2906 682 2963; x_wconf 76' lang='lat'>3.</span> <span class='ocrx_word' id='word_1_160' title='bbox 706 2885 741 2950; x_wconf 90' lang='grc' dir='ltr'>Ὁ</span> <span class='ocrx_word' id='word_1_161' title='bbox 762 2892 789 2950; x_wconf 92' lang='grc' dir='ltr'>δ’</span> <span class='ocrx_word' id='word_1_162' title='bbox 813 2885 872 2951; x_wconf 90' lang='grc' dir='ltr'>οὐν</span> <span class='ocrx_word' id='word_1_163' title='bbox 887 2884 1045 2966; x_wconf 87' lang='grc' dir='ltr'>Ἡρακλῆς</span> <span class='ocrx_word' id='word_1_164' title='bbox 1070 2887 1311 2968; x_wconf 82' lang='grc' dir='ltr'>ἀποδεξάμενος</span> <span class='ocrx_word' id='word_1_165' title='bbox 1331 2890 1390 2967; x_wconf 82' lang='grc' dir='ltr'>τὴν</span> 
     </span>
     <span class='ocr_line' id='line_1_25' title="bbox 292 2986 1390 3070; baseline 0 -16"><span class='ocrx_word' id='word_1_166' title='bbox 292 2989 423 3054; x_wconf 86' lang='grc' dir='ltr'>εὔνοιαν</span> <span class='ocrx_word' id='word_1_167' title='bbox 442 2991 509 3053; x_wconf 90' lang='grc' dir='ltr'>τῶν</span> <span class='ocrx_word' id='word_1_168' title='bbox 536 2988 574 3051; x_wconf 88' lang='grc' dir='ltr'>τὸ</span> <span class='ocrx_word' id='word_1_169' title='bbox 600 2986 767 3052; x_wconf 85' lang='grc' dir='ltr'>Παλάτιον</span> <span class='ocrx_word' id='word_1_170' title='bbox 800 2986 987 3066; x_wconf 81' lang='grc' dir='ltr'>οἰκούντων,</span> <span class='ocrx_word' id='word_1_171' title='bbox 1017 2992 1171 3067; x_wconf 84' lang='grc' dir='ltr'>προεῖπεν</span> <span class='ocrx_word' id='word_1_172' title='bbox 1194 2989 1313 3070; x_wconf 89' lang='grc' dir='ltr'>αὐτοῖς,</span> <span class='ocrx_word' id='word_1_173' title='bbox 1341 2991 1390 3054; x_wconf 89' lang='grc' dir='ltr'>ὅτι</span> 
     </span>
     <span class='ocr_line' id='line_1_26' title="bbox 292 3087 1389 3170; baseline -0.001 -15"><span class='ocrx_word' id='word_1_174' title='bbox 292 3091 371 3170; x_wconf 87' lang='grc' dir='ltr'>μετὰ</span> <span class='ocrx_word' id='word_1_175' title='bbox 393 3090 451 3167; x_wconf 87' lang='grc' dir='ltr'>τὴν</span> <span class='ocrx_word' id='word_1_176' title='bbox 475 3089 592 3153; x_wconf 83' lang='grc' dir='ltr'>ἑαυτοῦ</span> <span class='ocrx_word' id='word_1_177' title='bbox 615 3087 813 3167; x_wconf 90' lang='grc' dir='ltr'>μετάστασιν</span> <span class='ocrx_word' id='word_1_178' title='bbox 841 3087 887 3166; x_wconf 89' lang='grc' dir='ltr'>εἰς</span> <span class='ocrx_word' id='word_1_179' title='bbox 914 3090 1011 3166; x_wconf 88' lang='grc' dir='ltr'>θεοὺς</span> <span class='ocrx_word' id='word_1_180' title='bbox 1040 3093 1108 3168; x_wconf 87' lang='grc' dir='ltr'>τοῖς</span> <span class='ocrx_word' id='word_1_181' title='bbox 1131 3090 1318 3169; x_wconf 90' lang='grc' dir='ltr'>εὐξαμένοις</span> <span class='ocrx_word' id='word_1_182' title='bbox 1341 3091 1389 3154; x_wconf 93' lang='grc' dir='ltr'>ἐκ-</span> 
     </span>
     <span class='ocr_line' id='line_1_27' title="bbox 290 3188 1389 3270; baseline -0.004 -14"><span class='ocrx_word' id='word_1_183' title='bbox 290 3190 497 3257; x_wconf 89' lang='grc' dir='ltr'>δεκατεύσειν</span> <span class='ocrx_word' id='word_1_184' title='bbox 519 3188 666 3268; x_wconf 91' lang='grc' dir='ltr'>Ἡρακλεῖ</span> <span class='ocrx_word' id='word_1_185' title='bbox 680 3190 739 3268; x_wconf 87' lang='grc' dir='ltr'>τὴν</span> <span class='ocrx_word' id='word_1_186' title='bbox 754 3190 871 3255; x_wconf 93' lang='grc' dir='ltr'>οὐσίαν</span> <span class='ocrx_word' id='word_1_187' title='bbox 887 3191 1089 3270; x_wconf 87' lang='grc' dir='ltr'>συμβήσεται</span> <span class='ocrx_word' id='word_1_188' title='bbox 1111 3193 1169 3256; x_wconf 91' lang='grc' dir='ltr'>τὸν</span> <span class='ocrx_word' id='word_1_189' title='bbox 1193 3192 1262 3270; x_wconf 87' lang='grc' dir='ltr'>βίον</span> <span class='ocrx_word' id='word_1_190' title='bbox 1286 3190 1389 3254; x_wconf 90' lang='grc' dir='ltr'>εὐδαι-</span> 
     </span>
     <span class='ocr_line' id='line_1_28' title="bbox 291 3291 1389 3371; baseline -0.004 -13"><span class='ocrx_word' id='word_1_191' title='bbox 291 3294 490 3371; x_wconf 91' lang='grc' dir='ltr'>μονέστερον</span> <span class='ocrx_word' id='word_1_192' title='bbox 514 3291 609 3356; x_wconf 86' lang='grc' dir='ltr'>ἕξειν·</span> <span class='ocrx_word' id='word_1_193' title='bbox 632 3291 719 3355; x_wconf 87' lang='grc' dir='ltr'>ὃκαὶ</span> <span class='ocrx_word' id='word_1_194' title='bbox 741 3293 862 3371; x_wconf 88' lang='grc' dir='ltr'>συνέβη</span> <span class='ocrx_word' id='word_1_195' title='bbox 887 3292 968 3356; x_wconf 89' lang='grc' dir='ltr'>κατὰ</span> <span class='ocrx_word' id='word_1_196' title='bbox 988 3293 1066 3369; x_wconf 91' lang='grc' dir='ltr'>τούς</span> <span class='ocrx_word' id='word_1_197' title='bbox 1088 3293 1228 3371; x_wconf 86' lang='grc' dir='ltr'>ὕστερον</span> <span class='ocrx_word' id='word_1_198' title='bbox 1250 3292 1389 3371; x_wconf 90' lang='grc' dir='ltr'>χρόνους</span> 
     </span>
     <span class='ocr_line' id='line_1_29' title="bbox 291 3393 1390 3473; baseline -0.002 -15"><span class='ocrx_word' id='word_1_199' title='bbox 291 3397 447 3472; x_wconf 91' lang='grc' dir='ltr'>διαμεῖναι</span> <span class='ocrx_word' id='word_1_200' title='bbox 481 3394 571 3471; x_wconf 90' lang='grc' dir='ltr'>μέχρι</span> <span class='ocrx_word' id='word_1_201' title='bbox 603 3396 670 3457; x_wconf 91' lang='grc' dir='ltr'>τῶν</span> <span class='ocrx_word' id='word_1_202' title='bbox 701 3394 770 3457; x_wconf 85' lang='grc' dir='ltr'>καθ’</span> <span class='ocrx_word' id='word_1_203' title='bbox 800 3393 885 3471; x_wconf 84' lang='grc' dir='ltr'>ἡμᾶς</span> <span class='ocrx_word' id='word_1_204' title='bbox 917 3393 1053 3473; x_wconf 88' lang='grc' dir='ltr'>χρόνων.</span> <span class='ocrx_word' id='word_1_205' title='bbox 1084 3415 1114 3470; x_wconf 82' lang='grc'>4.</span> <span class='ocrx_word' id='word_1_206' title='bbox 1148 3429 1188 3437; x_wconf 96' lang='grc'>-</span> <span class='ocrx_word' id='word_1_207' title='bbox 1220 3430 1261 3438; x_wconf 94' lang='lat'>—-</span> <span class='ocrx_word' id='word_1_208' title='bbox 1296 3394 1390 3456; x_wconf 91' lang='grc' dir='ltr'>Κατε-</span> 
     </span>
    </p>
   </div>
   <div class='ocr_carea' id='block_1_5' title="bbox 290 3492 1391 3776">
    <p class='ocr_par' dir='ltr' id='par_1_8' title="bbox 290 3492 1391 3776">
     <span class='ocr_line' id='line_1_30' title="bbox 291 3492 1390 3578; baseline -0.002 -18"><span class='ocrx_word' id='word_1_209' title='bbox 291 3493 458 3560; x_wconf 89' lang='grc' dir='ltr'>σκεύασαν</span> <span class='ocrx_word' id='word_1_210' title='bbox 486 3495 523 3559; x_wconf 81' lang='grc' dir='ltr'>δὲ</span> <span class='ocrx_word' id='word_1_211' title='bbox 550 3492 602 3557; x_wconf 91' lang='grc' dir='ltr'>καὶ</span> <span class='ocrx_word' id='word_1_212' title='bbox 624 3492 773 3571; x_wconf 91' lang='grc' dir='ltr'>Ῥωμαῖοι</span> <span class='ocrx_word' id='word_1_213' title='bbox 793 3493 900 3577; x_wconf 86' lang='grc' dir='ltr'>τούτῳ</span> <span class='ocrx_word' id='word_1_214' title='bbox 922 3500 968 3578; x_wconf 84' lang='grc' dir='ltr'>τῶ</span> <span class='ocrx_word' id='word_1_215' title='bbox 991 3499 1056 3578; x_wconf 85' lang='grc' dir='ltr'>θεῷ</span> <span class='ocrx_word' id='word_1_216' title='bbox 1078 3495 1165 3573; x_wconf 88' lang='grc' dir='ltr'>παρὰ</span> <span class='ocrx_word' id='word_1_217' title='bbox 1186 3495 1244 3558; x_wconf 88' lang='grc' dir='ltr'>τὸν</span> <span class='ocrx_word' id='word_1_218' title='bbox 1266 3494 1390 3574; x_wconf 90' lang='grc' dir='ltr'>Τίβεριν</span> 
     </span>
     <span class='ocr_line' id='line_1_31' title="bbox 290 3594 1389 3677; baseline 0.001 -19"><span class='ocrx_word' id='word_1_219' title='bbox 290 3595 378 3674; x_wconf 87' lang='grc' dir='ltr'>ἱερὸν</span> <span class='ocrx_word' id='word_1_220' title='bbox 402 3594 583 3674; x_wconf 84' lang='grc' dir='ltr'>ἀξιόλογον,</span> <span class='ocrx_word' id='word_1_221' title='bbox 616 3594 652 3659; x_wconf 90' lang='grc' dir='ltr'>ἐν</span> <span class='ocrx_word' id='word_1_222' title='bbox 678 3594 704 3677; x_wconf 81' lang='grc' dir='ltr'>ᾧ</span> <span class='ocrx_word' id='word_1_223' title='bbox 727 3596 895 3673; x_wconf 84' lang='grc' dir='ltr'>νομίζουσι</span> <span class='ocrx_word' id='word_1_224' title='bbox 917 3598 1084 3659; x_wconf 87' lang='grc' dir='ltr'>συντελεῖν</span> <span class='ocrx_word' id='word_1_225' title='bbox 1111 3596 1170 3672; x_wconf 88' lang='grc' dir='ltr'>τὰς</span> <span class='ocrx_word' id='word_1_226' title='bbox 1202 3595 1237 3659; x_wconf 93' lang='grc' dir='ltr'>ἐκ</span> <span class='ocrx_word' id='word_1_227' title='bbox 1258 3598 1316 3673; x_wconf 88' lang='grc' dir='ltr'>τῆς</span> <span class='ocrx_word' id='word_1_228' title='bbox 1338 3600 1389 3659; x_wconf 91' lang='grc' dir='ltr'>δε·</span> 
     </span>
     <span class='ocr_line' id='line_1_32' title="bbox 291 3695 1391 3776; baseline -0.002 -17"><span class='ocrx_word' id='word_1_229' title='bbox 291 3696 390 3775; x_wconf 78' lang='grc' dir='ltr'>κάπης</span> <span class='ocrx_word' id='word_1_230' title='bbox 412 3696 536 3776; x_wconf 85' lang='grc' dir='ltr'>θυσίας.</span> <span class='ocrx_word' id='word_1_231' title='bbox 581 3700 746 3775; x_wconf 89' lang='lat' dir='ltr'>Dionysius</span> <span class='ocrx_word' id='word_1_232' title='bbox 773 3700 844 3758; x_wconf 89' lang='lat' dir='ltr'>Hal.</span> <span class='ocrx_word' id='word_1_233' title='bbox 868 3698 904 3774; x_wconf 82' lang='lat'>(1,</span> <span class='ocrx_word' id='word_1_234' title='bbox 928 3695 981 3775; x_wconf 84' lang='lat'>40)</span> <span class='ocrx_word' id='word_1_235' title='bbox 1015 3701 1108 3759; x_wconf 88' lang='lat' dir='ltr'>tradit</span> <span class='ocrx_word' id='word_1_236' title='bbox 1137 3717 1227 3775; x_wconf 84' lang='lat' dir='ltr'>reges</span> <span class='ocrx_word' id='word_1_237' title='bbox 1250 3700 1391 3775; x_wconf 85' lang='lat' dir='ltr'>Aborigi-</span> 
     </span>
    </p>
   </div>
   <div class='ocr_carea' id='block_1_6' title="bbox 306 3850 505 3861">
    <p class='ocr_par' dir='ltr' id='par_1_9' title="bbox 306 3850 505 3861">
     <span class='ocr_line' id='line_1_33' title="bbox 306 3850 505 3861; baseline 0.01 -2"><span class='ocrx_word' id='word_1_238' title='bbox 306 3850 505 3861; x_wconf 71' lang='grc'>-.-..-.</span> 
     </span>
    </p>
   </div>
   <div class='ocr_carea' id='block_1_7' title="bbox 291 3966 1391 4461">
    <p class='ocr_par' dir='ltr' id='par_1_10' title="bbox 291 3966 1390 4211">
     <span class='ocr_line' id='line_1_34' title="bbox 394 3966 1390 4037; baseline -0.004 -20"><span class='ocrx_word' id='word_1_239' title='bbox 394 3966 419 4037; x_wconf 86' lang='grc' dir='ltr'>ι)</span> <span class='ocrx_word' id='word_1_240' title='bbox 438 3968 567 4019; x_wconf 86' lang='lat' dir='ltr'>Codicum</span> <span class='ocrx_word' id='word_1_241' title='bbox 581 3967 736 4033; x_wconf 83' lang='lat' dir='ltr'>scripturam</span> <span class='ocrx_word' id='word_1_242' title='bbox 750 3967 899 4020; x_wconf 88' lang='grc' dir='ltr'>δυναστῶν</span> <span class='ocrx_word' id='word_1_243' title='bbox 913 3967 956 4016; x_wconf 89' lang='lat' dir='ltr'>vel</span> <span class='ocrx_word' id='word_1_244' title='bbox 975 3966 1107 4019; x_wconf 86' lang='grc' dir='ltr'>δυαστῶν</span> <span class='ocrx_word' id='word_1_245' title='bbox 1127 3966 1276 4016; x_wconf 88' lang='lat' dir='ltr'>emendavit</span> <span class='ocrx_word' id='word_1_246' title='bbox 1296 3966 1390 4031; x_wconf 81' lang='lat' dir='ltr'>Cobet,</span> 
     </span>
     <span class='ocr_line' id='line_1_35' title="bbox 291 4055 1390 4122; baseline -0.002 -18"><span class='ocrx_word' id='word_1_247' title='bbox 291 4056 335 4104; x_wconf 89' lang='lat' dir='ltr'>cui</span> <span class='ocrx_word' id='word_1_248' title='bbox 354 4057 461 4106; x_wconf 89' lang='lat' dir='ltr'>adsensi</span> <span class='ocrx_word' id='word_1_249' title='bbox 480 4063 540 4106; x_wconf 89' lang='lat' dir='ltr'>sunt</span> <span class='ocrx_word' id='word_1_250' title='bbox 553 4058 674 4109; x_wconf 83' lang='lat' dir='ltr'>Dettmer</span> <span class='ocrx_word' id='word_1_251' title='bbox 692 4056 726 4105; x_wconf 88' lang='lat' dir='ltr'>de</span> <span class='ocrx_word' id='word_1_252' title='bbox 744 4058 826 4108; x_wconf 84' lang='lat' dir='ltr'>Herc.</span> <span class='ocrx_word' id='word_1_253' title='bbox 845 4057 902 4108; x_wconf 87' lang='lat' dir='ltr'>Atr.</span> <span class='ocrx_word' id='word_1_254' title='bbox 915 4073 941 4122; x_wconf 42' lang='lat' dir='ltr'>pr</span> <span class='ocrx_word' id='word_1_255' title='bbox 953 4068 986 4118; x_wconf 90' lang='lat'>24</span> <span class='ocrx_word' id='word_1_256' title='bbox 1001 4063 1026 4105; x_wconf 86' lang='lat' dir='ltr'>et</span> <span class='ocrx_word' id='word_1_257' title='bbox 1040 4056 1076 4104; x_wconf 95' lang='lat' dir='ltr'>A.</span> <span class='ocrx_word' id='word_1_258' title='bbox 1096 4056 1130 4105; x_wconf 87' lang='lat' dir='ltr'>de</span> <span class='ocrx_word' id='word_1_259' title='bbox 1149 4056 1275 4121; x_wconf 87' lang='lat' dir='ltr'>Kampen</span> <span class='ocrx_word' id='word_1_260' title='bbox 1295 4055 1328 4103; x_wconf 94' lang='lat' dir='ltr'>de</span> <span class='ocrx_word' id='word_1_261' title='bbox 1346 4070 1390 4119; x_wconf 87' lang='lat' dir='ltr'>pa·</span> 
     </span>
     <span class='ocr_line' id='line_1_36' title="bbox 292 4144 623 4211; baseline 0.012 -20"><span class='ocrx_word' id='word_1_262' title='bbox 292 4144 379 4194; x_wconf 69' lang='lat' dir='ltr'>rasilis</span> <span class='ocrx_word' id='word_1_263' title='bbox 398 4162 424 4211; x_wconf 90' lang='lat' dir='ltr'>p.</span> <span class='ocrx_word' id='word_1_264' title='bbox 438 4155 471 4209; x_wconf 87' lang='lat'>25</span> <span class='ocrx_word' id='word_1_265' title='bbox 491 4153 518 4195; x_wconf 87' lang='lat' dir='ltr'>et</span> <span class='ocrx_word' id='word_1_266' title='bbox 537 4146 569 4195; x_wconf 86' lang='lat'>28</span> <span class='ocrx_word' id='word_1_267' title='bbox 585 4161 623 4210; x_wconf 91' lang='lat' dir='ltr'>sq.</span> 
     </span>
    </p>

    <p class='ocr_par' dir='ltr' id='par_1_11' title="bbox 293 4230 1391 4461">
     <span class='ocr_line' id='line_1_37' title="bbox 392 4230 1389 4299; baseline -0.001 -16"><span class='ocrx_word' id='word_1_268' title='bbox 392 4234 420 4299; x_wconf 90' lang='lat'>2)</span> <span class='ocrx_word' id='word_1_269' title='bbox 439 4235 481 4283; x_wconf 86' lang='lat' dir='ltr'>De</span> <span class='ocrx_word' id='word_1_270' title='bbox 499 4250 590 4284; x_wconf 87' lang='lat' dir='ltr'>mensa</span> <span class='ocrx_word' id='word_1_271' title='bbox 609 4250 682 4284; x_wconf 87' lang='lat' dir='ltr'>sacra</span> <span class='ocrx_word' id='word_1_272' title='bbox 698 4234 825 4284; x_wconf 89' lang='lat' dir='ltr'>Herculis</span> <span class='ocrx_word' id='word_1_273' title='bbox 845 4235 878 4283; x_wconf 83' lang='lat' dir='ltr'>cf.</span> <span class='ocrx_word' id='word_1_274' title='bbox 898 4234 927 4286; x_wconf 86' lang='lat' dir='ltr'>C.</span> <span class='ocrx_word' id='word_1_275' title='bbox 943 4236 965 4286; x_wconf 90' lang='lat'>1.</span> <span class='ocrx_word' id='word_1_276' title='bbox 980 4235 1016 4286; x_wconf 85' lang='lat' dir='ltr'>A.</span> <span class='ocrx_word' id='word_1_277' title='bbox 1035 4235 1071 4294; x_wconf 89' lang='lat'>11,</span> <span class='ocrx_word' id='word_1_278' title='bbox 1085 4234 1145 4294; x_wconf 84' lang='lat'><strong>602,</strong></span> <span class='ocrx_word' id='word_1_279' title='bbox 1164 4250 1189 4286; x_wconf 88' lang='lat' dir='ltr'>v.</span> <span class='ocrx_word' id='word_1_280' title='bbox 1204 4245 1217 4298; x_wconf 87' lang='lat'><strong>5</strong></span> <span class='ocrx_word' id='word_1_281' title='bbox 1232 4248 1288 4298; x_wconf 76' lang='lat' dir='ltr'>sq.,·</span> <span class='ocrx_word' id='word_1_282' title='bbox 1305 4232 1337 4282; x_wconf 82' lang='lat' dir='ltr'>cf.</span> <span class='ocrx_word' id='word_1_283' title='bbox 1351 4230 1389 4294; x_wconf 84' lang='lat' dir='ltr'>ib.</span> 
     </span>
     <span class='ocr_line' id='line_1_38' title="bbox 293 4318 1391 4383; baseline -0.002 -15"><span class='ocrx_word' id='word_1_284' title='bbox 293 4319 353 4383; x_wconf 85' lang='lat'><strong>603.</strong></span> <span class='ocrx_word' id='word_1_285' title='bbox 394 4322 522 4371; x_wconf 87' lang='lat' dir='ltr'>Fortasse</span> <span class='ocrx_word' id='word_1_286' title='bbox 545 4322 624 4371; x_wconf 88' lang='lat' dir='ltr'>etiam</span> <span class='ocrx_word' id='word_1_287' title='bbox 648 4322 676 4371; x_wconf 89' lang='lat' dir='ltr'>in</span> <span class='ocrx_word' id='word_1_288' title='bbox 699 4321 777 4371; x_wconf 91' lang='lat' dir='ltr'>titulo</span> <span class='ocrx_word' id='word_1_289' title='bbox 803 4322 896 4371; x_wconf 91' lang='lat' dir='ltr'>Attico</span> <span class='ocrx_word' id='word_1_290' title='bbox 914 4321 944 4374; x_wconf 86' lang='lat' dir='ltr'>C.</span> <span class='ocrx_word' id='word_1_291' title='bbox 963 4323 985 4372; x_wconf 88' lang='grc' dir='ltr'>Ι.</span> <span class='ocrx_word' id='word_1_292' title='bbox 1004 4323 1040 4373; x_wconf 85' lang='lat' dir='ltr'>A.</span> <span class='ocrx_word' id='word_1_293' title='bbox 1059 4323 1081 4382; x_wconf 90' lang='lat'>1,</span> <span class='ocrx_word' id='word_1_294' title='bbox 1109 4335 1125 4383; x_wconf 89' lang='grc'>4</span> <span class='ocrx_word' id='word_1_295' title='bbox 1156 4337 1248 4371; x_wconf 87' lang='lat' dir='ltr'>mensa</span> <span class='ocrx_word' id='word_1_296' title='bbox 1279 4318 1391 4370; x_wconf 89' lang='lat' dir='ltr'>Herculi</span> 
     </span>
     <span class='ocr_line' id='line_1_39' title="bbox 293 4410 626 4461; baseline 0.015 -5"><span class='ocrx_word' id='word_1_297' title='bbox 293 4410 445 4459; x_wconf 83' lang='lat' dir='ltr'>exornanda</span> <span class='ocrx_word' id='word_1_298' title='bbox 461 4417 626 4461; x_wconf 88' lang='lat' dir='ltr'>memoratur.</span> 
     </span>
    </p>
   </div>
   <div class='ocr_carea' id='block_1_8' title="bbox 0 0 1622 5109">
    <p class='ocr_par' dir='ltr' id='par_1_12' title="bbox 0 0 1622 5109">
     <span class='ocr_line' id='line_1_40' title="bbox 0 0 1622 5109; baseline 0 0"><span class='ocrx_word' id='word_1_299' title='bbox 0 0 1622 5109; x_wconf 95' lang='lat' dir='ltr'> </span> 
     </span>
    </p>
   </div>
  </div>
 </body>
</html>
