3234 5109
865 389 882 438 6

423 566 473 623 Ad
486 566 565 623 illius
577 566 714 640 picturae
727 566 955 623 similitudinem
966 583 1063 641 prope
1078 565 1200 623 accedit
1215 564 1419 639 anaglyphum

322 683 526 724 marmoreum
548 667 691 725 Larissae
713 668 746 724 in
767 669 844 726 urbe
858 667 1040 725 Thessaliae
1055 668 1095 724 ab
1110 666 1249 725 Heuaeio
1263 675 1420 740 repertum

323 785 406 825 nunc
420 766 543 825 Parisiis
561 777 716 827 servatum
728 767 763 843 ¹).
795 769 902 844 Imago
917 770 957 825 ab
979 779 1110 843 utraque
1131 777 1219 852 parte
1241 768 1419 825 terminatur

322 870 393 944 pila.
436 869 535 945 Supra
556 871 734 946 impositum
760 880 808 929 est
840 873 1013 947 epistylium
1041 889 1110 928 cum
1131 871 1265 945 fastigio,
1291 870 1323 926 in
1357 885 1419 943 quo

323 970 376 1029 Sol
397 971 491 1029 radiis
514 982 680 1030 coronatus
704 974 886 1048 quadrigam
914 990 1025 1048 regens
1058 972 1180 1029 obviam
1214 970 1333 1026 vehitur
1364 970 1420 1028 ad-

322 1073 473 1148 spicienti
505 1076 549 1131 ita
570 1084 686 1142 tamen,
719 1084 753 1132 ut
775 1077 878 1150 capita
899 1084 1020 1132 tautum
1041 1092 1079 1132 ac
1100 1082 1228 1149 pectora
1250 1073 1302 1129 dei
1324 1088 1419 1146 equo·

266 1209 270 1220 ι
321 1192 449 1250 rumque
465 1177 632 1251 conspicua
655 1177 725 1233 sint.
759 1176 860 1251 Ipsius
882 1177 1022 1250 imaginis
1043 1169 1257 1249 argumentum
1278 1173 1340 1230 hoc
1361 1182 1418 1231 est.

322 1276 404 1334 Ante
427 1277 540 1334 lectum
562 1277 706 1352 stragulis
728 1287 761 1335 et
782 1279 904 1336 duobus
937 1277 1067 1353 pulvinis
1097 1277 1279 1333 iustructum
1310 1291 1419 1331 mensa

323 1388 371 1436 est
396 1378 557 1447 collocata,
589 1379 621 1435 in
653 1397 713 1454 qua
743 1380 847 1438 variae
872 1379 1034 1453 placentae
1061 1378 1183 1453 positae
1205 1384 1286 1434 suut.
1336 1376 1418 1433 Ante

321 1497 459 1538 mensam
475 1498 537 1539 ara.
573 1481 608 1538 In
628 1500 721 1555 quam
736 1482 779 1537 vit
799 1512 842 1521 -
860 1489 895 1537 ut
909 1482 1029 1539 videtur
1046 1479 1189 1537 imberbis
1214 1508 1249 1518 -
1274 1494 1293 1532 a
1307 1478 1416 1534 dextra

325 1590 410 1640 stans
434 1581 557 1639 chilone
579 1592 611 1639 et
643 1583 810 1641 himatione
845 1583 973 1639 vestitus
1005 1581 1182 1638 libationem
1216 1579 1297 1639 facit.
1340 1579 1419 1635 Eum

320 1684 459 1758 sequitur
479 1685 587 1741 mulier
609 1684 735 1742 chitone
758 1686 924 1760 amploque
951 1683 1063 1741 amictu
1095 1683 1212 1741 induta.
1270 1679 1417 1737 Dextram

320 1784 397 1841 tollit
411 1782 580 1842 Dioscuros
603 1785 746 1855 adorans,
770 1787 822 1860 qui
844 1803 937 1861 super
958 1785 1072 1842 lectum
1093 1783 1124 1839 iu
1146 1788 1218 1838 aere
1240 1782 1415 1856 pendentes

319 1901 444 1960 prorsus
467 1886 580 1943 eodem
601 1886 707 1943 habitu
730 1888 868 1961 expressi
890 1893 964 1943 sunt
985 1895 1080 1960 atque
1101 1885 1133 1940 in
1158 1882 1280 1956 lecytho
1303 1881 1416 1940 Attica.

319 1985 403 2042 Infra
424 2003 478 2043 eos
502 1985 615 2045 femina
644 1988 737 2063 longa
766 1988 871 2046 tunica
903 1988 1012 2044 induta
1042 1986 1188 2061 expansis
1222 1985 1278 2042 alis
1312 1984 1417 2050 fertur,

320 2087 430 2144 dextra
451 2096 592 2162 porrecta
613 2106 706 2147 manu
729 2107 876 2147 coronam
899 2097 1021 2154 tenens,
1055 2105 1146 2163 quam
1180 2088 1211 2143 in
1232 2087 1330 2143 altero
1351 2085 1418 2160 pul-

318 2186 389 2245 vino
415 2188 595 2263 depositura
627 2207 698 2247 esse
725 2189 856 2247 videtur.
913 2188 975 2245 Sub
1009 2187 1141 2262 imagine
1168 2186 1338 2262 insculptus
1369 2193 1418 2242 est
1515 2263 1518 2264 ⁷

319 2288 438 2347 titulus:

545 2387 639 2465 Θεοῖς
662 2387 815 2465 μεγάλοις
838 2388 934 2452 Δανᾶ
957 2385 1184 2461 Ἀτθονειτεῆα

319 2501 353 2550 ut
383 2491 471 2549 Blass
505 2487 630 2568 (Satura
657 2477 822 2569 philolH.
846 2493 958 2569 Saupp.
984 2494 1044 2550 obl.
1066 2510 1099 2567 p.
1120 2508 1176 2566 ¹19
1194 2484 1255 2567 sq.)
1287 2490 1417 2548 fortasse

318 2603 404 2652 recte
427 2594 553 2651 verbum
574 2603 743 2652 extremum
768 2595 842 2670 legit
863 2594 944 2652 hanc
966 2593 1095 2652 formam
1115 2610 1171 2668 pro
1196 2586 1427 2667 'Apdovetrelu

319 2694 453 2770 positam
477 2712 548 2753 esse
569 2705 653 2754 ratus
666 2689 702 2774 2).

423 2795 495 2854 Nou
516 2814 595 2873 opus
617 2806 666 2855 est
689 2798 810 2872 lougius
826 2815 989 2871 exponere,
1013 2796 1181 2855 Dioscuros
1201 2813 1269 2858 cum
1281 2794 1417 2852 Victoria

320 2894 370 2953 bic
392 2914 461 2955 esse
489 2908 736 2974 repraesentatos
749 2892 776 2977 ³)
809 2917 866 2973 per
888 2904 990 2956 aerem
1013 2899 1163 2955 advectos
1187 2906 1280 2973 atque
1301 2897 1334 2953 in
1355 2897 1417 2953 lec-

319 3003 384 3056 tum
407 3014 440 3054 se
464 2998 660 3067 demissuros,
689 3006 721 3055 ut
743 2998 881 3056 fruantur
914 2998 1046 3073 dapibus
1080 3006 1112 3054 et
1144 2997 1302 3064 sacnficio,
1334 3013 1416 3071 quae

318 3097 459 3155 homines
491 3100 651 3156 adstantes
679 3078 874 3174 maximeque
906 3098 1016 3155 Danae
1047 3108 1242 3174 paraverunt.
1306 3097 1417 3154 Danae

318 3199 418 3274 igitur,
440 3217 532 3275 quam
554 3200 659 3258 habitu
683 3202 841 3258 adorantis
857 3201 1047 3275 exsculptam
1067 3218 1137 3257 esse
1159 3200 1255 3269 videS,
1279 3199 1416 3255 tabulam

318 3302 431 3376 posuit,
454 3309 488 3358 ut
502 3309 734 3359 monumentum
749 3310 833 3360 esset
848 3303 913 3359 eius
930 3304 974 3359 rei
997 3302 1128 3369 divinae,
1153 3319 1246 3375 quam
1270 3300 1415 3357 artificem

420 3525 446 3593 1)
469 3526 588 3576 Newton
623 3525 766 3576 Transact.
796 3525 832 3591 of
853 3505 898 3574 tire
920 3526 987 3591 Ray.
1011 3540 1064 3573 soc.
1087 3524 1122 3591 of
1142 3527 1194 3575 litt.
1217 3524 1235 3575 l.
1258 3540 1280 3576 c.
1304 3526 1417 3594 Heuzey

318 3632 372 3666 rev.
391 3617 468 3667 arch.
490 3614 567 3675 1862,
584 3615 620 3675 ΙΙ,
639 3632 665 3681 p.
680 3626 740 3679 324.
772 3613 892 3664 Friihuer
911 3617 1010 3688 inscrr.
1032 3617 1069 3663 du
1088 3615 1205 3673 Lauare,
1225 3630 1264 3664 nr.
1281 3615 1320 3664 16.
1340 3614 1416 3663 Idem

319 3706 391 3754 deux
402 3707 547 3768 peintures
567 3706 600 3752 de
616 3720 694 3753 vases
707 3704 801 3763 Graes,
821 3718 880 3752 cum
898 3703 952 3755 tab.
973 3703 1150 3768 Heydemann
1168 3705 1245 3753 arch.
1264 3710 1318 3765 ztg.
1340 3703 1416 3765 1872,

317 3809 343 3859 p.
358 3804 399 3859 35.
427 3794 539 3858 Heuzey
557 3795 668 3842 mirsion
687 3794 762 3843 arch.
784 3794 817 3841 de
834 3792 1006 3852 Mace'doz'ne,
1025 3808 1051 3857 p.
1068 3804 1120 3855 419
1132 3797 1192 3857 sqq(
1209 3792 1262 3842 tab.
1275 3793 1369 3850 XXV,
1393 3802 1415 3841 1.

318 3882 407 3931 Conze
425 3884 583 3945 corlegebll.
603 3897 652 3934 ser.
671 3882 718 3941 IV,
738 3881 792 3931 tab.
813 3894 838 3943 9,
858 3894 882 3932 2.

417 3971 443 4031 2)
463 3971 505 4019 De
524 3971 716 4020 Dioscurorum
736 3971 896 4034 cognomine
916 3968 1031 4034 μεγάλοι
1050 3968 1110 4022 θεοί
1128 3970 1248 4019 conferas
1267 3969 1415 4019 Prellerum
1435 3951 1441 3958 ὁ

314 4074 362 4123 gr.
381 4058 491 4124 mythol.
509 4059 545 4116 II,
564 4074 590 4123 p.
607 4070 656 4122 107
675 4066 730 4110 not.
752 4073 777 4123 4.

418 4144 446 4211 3)
467 4145 507 4198 cf.
526 4146 628 4196 vasculi
646 4147 795 4211 imaginem,
816 4163 894 4212 quam
909 4147 1056 4197 delineavit
1068 4143 1215 4196 Tiscbbein
1227 4146 1255 4195 in
1278 4148 1416 4195 collection

318 4235 353 4302 of
371 4238 553 4298 engravings,
576 4236 625 4300 IV,
645 4236 698 4287 tab.
721 4246 761 4299 15,
791 4256 825 4280 =
856 4236 1002 4299 Inghirami
1025 4254 1049 4287 v.
1063 4236 1095 4303 s.
1114 4236 1151 4295 11,
1175 4236 1229 4285 tab.
1256 4234 1313 4299 187.
1353 4234 1417 4284 Hirt

318 4324 429 4375 bilderb.
449 4339 474 4391 p.
490 4323 547 4386 196.
587 4325 658 4374 Mire
675 4323 777 4375 fallitur
789 4323 935 4388 Colliguon
953 4341 1011 4377 aas.
1026 4328 1120 4391 peints
1143 4324 1296 4383 d'Athines,
1315 4339 1341 4373 u.
1355 4323 1415 4389 516.
