3234 5109
755 425 786 475 19

308 589 353 650 ‘R
371 622 411 632 -
428 575 599 659 Mistrae,
621 592 653 648 in
675 591 826 662 ecclesiae
841 593 939 667 gradu
962 606 1160 666 o‚29><o‚4o.
1188 624 1224 633 -
1247 587 1316 649 ‘Er-

220 691 317 748 halten
342 692 381 748 ist
399 693 495 767 wenz'gr
515 693 594 748 mehr
615 692 661 747 als
692 673 738 748 die
768 690 846 748 hee'ne
875 694 927 748 der
952 692 1119 749 Diaskuren
1143 693 1173 748 in
1197 696 1317 766 vorder-

222 793 340 861 ann'cht,
363 792 467 850 welche
481 811 518 849 aa
534 792 631 850 beiden
646 795 733 849 seiten
750 793 824 849 anes
838 792 1063 849 hichdhnlichen
1083 795 1203 869 gestella
1221 794 1316 850 slehen

221 895 356 968 (dassere
372 891 576 966 standhee'ne),·
597 893 668 951 n'her
691 896 744 950 den
768 895 889 952 inneren
913 913 1012 950 armen
1036 894 1090 969 lag
1111 896 1157 950 die
1180 894 1316 967 chlamys,

221 996 267 1052 die
295 999 429 1052 ciusseren
460 1014 540 1052 arme
564 995 706 1065 schanan,
742 996 831 1052 ec'nem
860 996 1059 1052 nndcnth'chen
1090 1002 1208 1052 ansatze
1230 997 1314 1063 nach,

220 1095 283 1175 aces
298 1098 344 1152 die
366 1097 470 1153 laneen
489 1101 616 1172 gestitet
632 1115 762 1172 gewcsen
784 1115 822 1154 en
843 1098 914 1156 sein.
970 1097 1037 1153 Der
1064 1116 1150 1153 raum
1177 1098 1317 1154 eutichen

221 1198 274 1253 den
300 1198 375 1254 aucei
399 1195 569 1254 h'sehbcc'nen
603 1199 642 1254 c'st
665 1216 746 1272 ganz
778 1198 869 1255 durch
895 1200 970 1255 acaci
992 1197 1080 1255 nchen
1104 1200 1246 1255 einander
1265 1218 1317 1273 ge·

219 1298 311 1354 stellte
330 1316 432 1373 grasse
448 1299 599 1371 amphoren
615 1300 834 1373 ec'ngenammen.
872 1298 944 1378 Ares
959 1301 1019 1356 dem
1041 1299 1112 1356 leuch
1133 1309 1240 1375 spurca
1263 1319 1315 1357 uon

221 1399 342 1477 durans
357 1402 507 1476 lc'egenden
528 1403 754 1476 gegenstdnden.
803 1402 961 1460 hicterhalh
985 1405 1037 1459 der
1060 1403 1248 1477 darstellung
1271 1421 1317 1458 er·

219 1501 308 1562 henni
326 1517 410 1557 man:

787 1822 1049 1879 ...αμο.

319 2005 414 2064 Tituli
429 2007 546 2064 initium
569 2037 610 2046 -
633 2007 658 2064 si
673 2008 770 2064 levem
785 2008 925 2083 lapidarii
941 2026 1073 2065 errorem
1089 2015 1258 2065 statuamus
1276 2013 1316 2047 -'

147 2126 174 2194 J
219 2109 263 2166 ita
290 2109 572 2166 reconcinnandum
603 2109 737 2166 videtur:
781 2103 812 2169 οἱ
840 2101 1040 2186 σιτηθέντ]ες
1072 2119 1125 2165 aut
1147 2104 1317 2185 γέροντ]ες

220 2206 271 2269 ἐπὶ
293 2204 325 2269 Μ
348 2254 505 2272 ......
530 2205 701 2286 [πρέσβ]υς
716 2204 739 2285 ¹)
764 2253 893 2270 .....

316 2309 416 2367 Huius
447 2310 537 2386 igitur
564 2310 643 2367 tituli
669 2320 884 2383 argumentum
917 2328 980 2368 non
1014 2310 1114 2368 differt
1145 2329 1164 2368 a
1196 2311 1316 2379 ceteris

220 2399 300 2487 quos
321 2412 539 2471 recensuimus,
576 2410 803 2468 Enumerantur
826 2412 907 2469 enim
929 2411 1079 2480 homines,
1102 2412 1154 2485 qui
1176 2411 1238 2467 viro
1262 2412 1316 2469 ali·

220 2531 281 2589 quo
303 2514 447 2589 praeside
475 2522 672 2570 cenaverunt.
729 2512 819 2584 Quae
846 2531 953 2580 cenae,
987 2531 1056 2571 cum
1089 2530 1182 2588 super
1211 2512 1316 2570 titulos

220 2616 368 2688 imagines
385 2616 514 2672 deorum
531 2615 710 2690 exsculptae
732 2616 802 2683 sint,
824 2616 922 2689 dapes
937 2615 1007 2672 festi
1023 2615 1149 2671 alicuius
1174 2613 1231 2671 illis
1250 2615 1317 2671 deis

221 2715 316 2772 habiti
338 2717 450 2773 fuerint
472 2733 602 2774 necesse
626 2725 682 2774 est.
727 2716 831 2791 Atque
855 2717 1000 2791 quoniam
1023 2716 1162 2773 Helenae
1191 2732 1317 2772 noanon
1383 2735 1386 2741 ⁴

221 2834 282 2872 non
305 2818 418 2891 ubique
442 2817 580 2885 occurrit,
615 2816 716 2874 elucet
746 2835 817 2873 eam
838 2817 870 2873 in
892 2817 940 2873 illo
963 2817 1044 2873 festo
1067 2833 1131 2873 non
1153 2824 1317 2892 tantopere

220 2935 291 2975 esse
313 2917 437 2986 cultam,
460 2935 553 2992 quam
574 2917 725 2978 Dioscuri.
774 2917 812 2974 Id
842 2919 941 2992 ipsum
963 2936 1026 2974 non
1049 2918 1149 2975 minus
1172 2926 1317 2976 accurate

220 3020 353 3093 quadrat
376 3019 406 3078 in
423 3018 614 3086 Theoxenia,
638 3036 730 3093 quam
752 3018 821 3076 illae
845 3036 951 3077 sacrae
977 3020 1084 3093 dapes,
1109 3019 1219 3094 quibus
1242 3018 1317 3076 certi

220 3120 360 3177 homines
384 3119 473 3177 fructi
495 3128 575 3180 sunt.
630 3119 795 3178 Praeterea
818 3120 966 3177 habemus
992 3119 1197 3195 anaglyphum
1218 3120 1252 3187 F,
1286 3120 1317 3175 in

145 3231 153 3244 '
220 3240 282 3296 quo
305 3222 403 3296 ipsam
425 3238 565 3278 mensam
587 3238 706 3278 sacram
734 3222 873 3278 videmus
907 3221 982 3278 cibis
1016 3221 1173 3295 repletam·
1197 3229 1229 3277 et
1261 3220 1317 3277 sub

219 3341 327 3380 mensa
349 3323 413 3390 duo
436 3338 510 3379 vasa
533 3322 657 3380 vinaria.
713 3322 849 3379 Adstant
882 3323 924 3379 ad
954 3338 1093 3379 mensam
1116 3321 1258 3379 Dioscuri
1278 3321 1318 3378 si·
1400 3369 1405 3378 .

179 3416 182 3423 ’
220 3424 329 3481 militer
344 3433 438 3500 atque
455 3424 627 3481 sexcenties
642 3423 674 3480 in
689 3423 801 3482 tabulis
818 3424 989 3481 votivisdei
1002 3441 1084 3498 pone
1099 3441 1184 3481 aram
1199 3430 1318 3480 stantes

221 3533 274 3581 aut
297 3526 443 3583 sedentes
467 3523 632 3584 cernuntur
654 3525 811 3599 accepturi
833 3542 922 3583 sacra
943 3525 1155 3595 libationesve,
1179 3502 1259 3599 quae
1281 3525 1317 3580 iis

221 3625 260 3682 ab
282 3625 480 3683 adorantibus
504 3625 677 3683 homiuibus
707 3626 875 3683 offeruntur
886 3621 922 3702 2).
977 3626 1023 3684 Ac
1050 3627 1124 3684 talia
1146 3625 1319 3700 anaglypha

221 3743 291 3784 esse
315 3727 470 3794 dedicata,
493 3733 527 3782 ut
548 3735 749 3784 monumenta
766 3736 872 3785 essent
888 3727 1114 3801 sacrificiorum,
1138 3744 1229 3822 nemo
1254 3744 1318 3783 non

324 3889 348 3956 1)
368 3891 536 3958 Conspicitur
557 3894 626 3943 enim
650 3890 759 3946 ἾΥΣ.

320 3979 348 4045 2)
369 3980 446 4029 quta
465 3994 581 4030 mensam
600 3981 792 4047 Aesculapium
810 3996 917 4046 quoque
942 3981 1017 4030 vides
1037 3987 1149 4030 stantem
1167 3982 1195 4030 in
1213 3980 1319 4045 anagly-

220 4068 520 4134 phisAtheniensibus3
540 4071 573 4119 de
585 4070 669 4119 Duhn
686 4071 780 4121 Mitth.
798 4072 824 4120 d.
837 4071 893 4120 ath.
907 4072 970 4120 inest.
985 4071 1061 4135 1877,
1079 4086 1105 4135 p.
1118 4070 1178 4128 218,
1198 4070 1249 4119 tab.
1261 4069 1318 4117 XV

220 4178 254 4202 =
272 4158 349 4207 arch.
374 4164 427 4221 ntg.
458 4159 537 4223 1877,
559 4176 585 4224 p.
602 4171 659 4224 141,
678 4175 703 4209 n.
716 4170 740 4217 2,
764 4179 795 4202 =
822 4158 930 4218 Girard‚
955 4162 1021 4209 hall.
1048 4162 1081 4208 de
1100 4175 1170 4210 corr.
1193 4160 1258 4208 hell.
1281 4159 1318 4215 ΙΙ,

111 4259 123 4268 ·
220 4264 246 4314 p.
260 4247 294 4296 60
308 4262 348 4312 sq.
374 4253 401 4296 et
423 4246 518 4297 Mc'tth.
543 4249 568 4299 d.
588 4249 645 4299 ath.
664 4250 728 4299 inst.
747 4247 765 4298 l.
784 4263 806 4299 c.
835 4263 861 4314 p.
876 4259 936 4313 220,
961 4248 1015 4299 tab.
1027 4248 1099 4298 XVI
1117 4267 1151 4291 =
1170 4249 1246 4297 arch.
1265 4253 1317 4311 ztg.

220 4334 239 4386 l.
254 4351 276 4386 c.
295 4351 320 4402 p.
339 4346 386 4399 143
407 4351 432 4387 n.
447 4335 472 4388 8.
