3234 5109
828 339 861 390 42

297 500 396 570 laeva,
432 518 512 575 quae
546 519 584 558 ex
617 502 743 559 himatio
776 503 941 577 prominet,
973 503 1150 577 imperantis
1181 522 1250 562 esse
1272 506 1403 574 videtur.

298 602 326 659 A
348 602 470 660 sinistra
492 611 580 678 parte
603 604 773 661 collocatus
796 612 845 660 est
866 603 987 662 humilis
1009 605 1116 676 lectus,
1141 606 1202 680 qui,
1235 624 1304 662 cum
1327 607 1404 664 'obli-
1505 609 1510 616 “

298 721 377 778 quus
393 706 607 779 conspiciatur,
629 704 714 763 haud
736 707 779 763 ita
795 705 876 763 clare
898 723 1061 780 expressus
1084 715 1148 780 est3
1172 708 1405 780 distinguuntur

297 812 403 863 tamen
433 806 497 862 duo
529 806 624 863 latera
645 815 678 863 et
699 808 763 864 duo
785 807 910 881 pulvini.
953 807 1070 881 Hydria
1092 826 1206 882 magua
1227 810 1330 883 posita
1353 817 1404 865 est

238 927 243 936 ¹
300 914 373 963 ante
395 906 517 965 lectum.
562 906 637 965 Post
658 907 772 965 lectum
794 907 908 964 femina
931 910 971 964 ad
995 908 1113 966 laevam
1134 910 1302 984 respiciens
1324 912 1402 967 dex·

298 1015 429 1064 trorsum
463 1016 616 1083 properat.
661 1007 783 1065 Vestita
816 1017 865 1065 est
895 1008 1018 1065 chitone
1051 1010 1165 1083 duplici
1198 1012 1305 1068 dorico
1319 1021 1403 1068 ⁴cum

299 1107 378 1165 haec
402 1117 466 1165 tum
489 1117 611 1166 ceterae
634 1107 724 1166 huius
744 1109 885 1182 imaginis
906 1110 1040 1183 puellae;
1062 1112 1203 1168 manibus
1229 1105 1315 1168 tenet
1335 1130 1402 1169 ma·

299 1226 394 1283 gnum
426 1210 589 1268 flabellum.
639 1209 733 1268 Porro
769 1211 995 1285 appropinquat
1028 1196 1135 1268 mulier
1161 1214 1270 1269 dextra
1307 1231 1402 1270 manu
1506 1219 1511 1222 “

300 1312 379 1367 duas
394 1319 516 1388 pateras
540 1312 627 1370 laeva
650 1319 749 1368 utrem
767 1320 893 1386 gestans
917 1313 948 1368 in
973 1313 1074 1387 capite
1097 1314 1240 1387 positum.
1286 1313 1402 1371 Secun-

299 1419 348 1469 tur
371 1414 452 1469 duae
479 1414 628 1486 mulieres,
659 1430 787 1487 quarum
810 1412 907 1469 altera
928 1413 1015 1500 alteri
1038 1414 1158 1471 obviam
1182 1416 1221 1483 it;
1245 1432 1292 1480 ea,
1319 1433 1402 1489 quae

300 1515 494 1571 dextrorsum
535 1516 730 1589 progreditur
763 1516 910 1572 ambabus
945 1516 1086 1572 manibus
1118 1519 1263 1591 adportat
1293 1518 1402 1576 cistam

300 1611 502 1691 quandam1),
524 1634 617 1691 quam
640 1616 737 1673 altera
758 1625 924 1692 acceptura
946 1626 1002 1676 est.
1038 1615 1181 1692 Denique
1204 1619 1290 1674 vides
1314 1619 1403 1692 quin·

302 1724 364 1774 tam
399 1716 488 1773 huius
521 1717 609 1774 seriei
642 1717 785 1774 feminam
819 1718 1023 1774 sinistrorsum
1056 1728 1228 1775 currentem
1261 1728 1292 1775 et
1318 1722 1400 1796 retro

299 1819 530 1893 respicientem3
553 1820 693 1876 dextram
707 1835 832 1875 manum
847 1819 933 1875 navis
948 1836 1067 1893 prorae,
1090 1836 1171 1893 quae
1184 1821 1269 1877 iuxta
1292 1829 1399 1877 ansam

299 1919 414 1988 vasculi
430 1920 626 1996 conspicitur,
650 1920 779 1993 adponit
795 1920 883 1994 quasi
898 1898 1009 1977 navem
1024 1937 1198 1980 ascensura.
1231 1923 1282 1979 Ab
1304 1922 1401 1978 altera

297 2029 385 2095 parte
418 2038 513 2078 ansae
541 2029 602 2078 tres
629 2020 759 2077 seminas
781 2020 995 2095 conspicimus,
1039 2020 1154 2091 Media,
1179 2040 1259 2096 quae
1284 2031 1402 2080 statura

298 2129 330 2178 et
344 2128 433 2195 gestu
450 2121 632 2195 dignitatem
652 2123 809 2196 quandam
832 2129 864 2177 et
885 2122 1079 2179 maiestatem
1098 2125 1245 2193 ostendit,
1269 2125 1401 2182 adversa

298 2240 443 2298 expressa
459 2232 515 2283 est.
539 2223 670 2281 Videtur
685 2225 799 2299 aliquid
815 2225 965 2299 imperare
988 2224 1134 2299 parvulae
1156 2224 1298 2293 feminae,
1320 2242 1401 2298 quae
1492 2217 1497 2224 ⁴

297 2325 384 2382 laeva
405 2327 447 2382 ad
473 2326 585 2383 lectum
607 2342 776 2400 properans
799 2326 889 2382 obvia
912 2332 968 2384 est.
1018 2324 1124 2382 Tertia
1146 2325 1253 2382 mulier
1276 2326 1402 2383 advenit

298 2425 405 2483 cistam
428 2427 609 2499 quadratam
631 2419 772 2484 manibus
794 2436 932 2501 portans

399 2528 550 2604 Depictae
566 2540 637 2588 sunt
652 2530 742 2605 igitur
760 2540 880 2605 septem
894 2528 1044 2597 mulieres,
1068 2545 1148 2602 quae
1163 2529 1226 2584 viro
1241 2536 1274 2584 et
1289 2528 1401 2585 femina

295 2633 516 2708 imperantibus
549 2650 586 2689 ex
609 2633 679 2689 navi
702 2633 744 2687 ad
766 2632 890 2697 lectum,
922 2631 973 2704 qui
995 2630 1027 2686 iu
1048 2629 1136 2686 litore
1160 2629 1329 2688 collocatus
1352 2640 1401 2688 est

299 2735 381 2792 varia
402 2735 605 2792 instrumenta
628 2736 811 2809 adportant:
835 2740 933 2789 utrem
955 2739 1079 2805 pateras
1102 2732 1179 2787 cista
1201 2728 1400 2808 flabellum2),
1495 2767 1501 2773 -

297 2843 397 2896 totum
419 2844 453 2892 ut
475 2837 561 2893 vides
584 2835 763 2892 lectisternii
785 2841 977 2909 apparatum.
1036 2830 1092 2889 Cui
1115 2832 1183 2888 usui
1206 2832 1267 2889 sint
1292 2834 1399 2903 cistae,

297 2935 430 2994 dubitari
445 2936 570 3012 quidem
585 2944 699 3012 potest,
722 2944 827 2993 tamen
841 2943 948 2991 nostro
964 2935 1028 2990 iure
1043 2933 1246 3008 opinabimur,
1270 2933 1398 2991 alteram

299 3038 407 3095 cistam
424 3069 464 3078 -
480 3039 505 3094 si
519 3038 615 3095 modo
631 3038 708 3094 cista
723 3044 771 3093 est
792 3029 834 3112 (v.
851 3030 944 3111 supr.)
961 3042 1065 3092 -tus
1082 3034 1249 3101 continere,
1272 3034 1400 3091 alteram

300 3147 353 3197 aut
375 3139 491 3214 reliqua
513 3139 651 3195 sacrificii
673 3139 875 3194 instrumenta
896 3135 948 3206 (cf.
967 3136 1018 3192 Ar.
1040 3153 1107 3210 pac.
1120 3134 1180 3209 948
1198 3153 1223 3191 c.
1241 3132 1396 3211 schol.)³),

301 3248 355 3298 aut
366 3241 465 3315 ipsum
481 3240 600 3314 signum
616 3240 675 3298 dei.
703 3239 820 3295 Notum
835 3238 915 3293 enim
931 3245 978 3293 est
993 3236 1154 3293 simulacra
1169 3237 1352 3311 perantiqua
1368 3245 1400 3293 et

298 3358 385 3398 sacra
408 3341 454 3397 vel
476 3341 508 3397 in
531 3342 616 3398 cadis
625 3338 651 3414 4)
674 3340 719 3396 vel
743 3341 774 3395 in
797 3339 880 3395 cist1s
892 3334 918 3414 ⁵)
940 3336 1060 3394 inclusa
1082 3344 1365 3396 conservatafesse.

397 3479 421 3545 1)
448 3480 547 3530 Verum
577 3479 655 3529 etiam
684 3479 717 3528 de
736 3495 816 3544 parva
838 3493 930 3526 mensa
959 3475 1075 3538 cogitare
1103 3475 1179 3533 licet,
1208 3476 1241 3527 cf.
1280 3478 1357 3527 Mon.
1387 3493 1402 3525 e

295 3583 358 3618 ann.
381 3569 407 3618 d.
425 3568 494 3619 Inst.
518 3566 593 3631 1856,
613 3568 668 3618 tab.
682 3564 811 3617 XXVIII
825 3572 851 3615 et
862 3566 975 3615 XXIX.
995 3564 1208 3613 AddeGerhard
1227 3572 1284 3615 ant.
1306 3567 1396 3614 bildw.

294 3654 350 3706 tab.
363 3656 481 3715 LXXV,
504 3668 526 3707 1.

395 3743 420 3809 2)
438 3744 586 3793 Meministi
609 3744 678 3793 illud
706 3743 851 3801 flabellum,
881 3743 954 3808 quod
976 3742 1007 3791 in
1025 3741 1218 3790 Dioscurorum
1237 3741 1309 3789 lecto
1328 3739 1400 3803 posi-

295 3838 350 3881 tum
368 3832 524 3897 reperimus;
544 3833 576 3883 cs.
599 3848 668 3897 supr.
687 3848 712 3897 p.
727 3843 750 3897 5.

393 3921 421 3984 3)
440 3921 472 3968 In
490 3920 655 3985 anaglyphis,
682 3936 749 3985 quae
778 3920 916 3969 hominum
944 3919 1110 3967 adorantium
1138 3916 1242 3979 agmina
1272 3905 1413 3966 exhibent*

296 4005 452 4070 saepissime
465 4009 579 4058 occurrit
590 4010 693 4069 mulier,
713 4025 780 4074 quae
796 4025 918 4073 magnam
931 4010 1023 4058 cistam
1036 4009 1176 4058 rotundam
1192 4007 1220 4054 in
1240 4008 1325 4072 capite
1339 4008 1397 4058 lert.

395 4091 424 4160 4)
441 4094 480 4146 Cf.
503 4097 603 4145 Athen.
627 4098 679 4157 XI,
709 4108 760 4161 473
774 4098 801 4151 b.
815 4099 882 4149 Hes.
899 4114 925 4148 r.
946 4095 1084 4159 καδίσκος.
1117 4097 1248 4145 Peterson
1266 4097 1399 4160 kausgot·

296 4184 433 4242 tesdienst,
453 4198 478 4248 p.
494 4196 535 4250 53.

395 4268 422 4339 5)
441 4272 502 4321 Hoc
528 4272 609 4322 modo
638 4288 712 4322 sacra
747 4273 833 4338 patria
862 4275 982 4324 auferens
1011 4272 1146 4323 Anchises
1179 4270 1342 4337 conspicitur
1369 4269 1398 4320 in
