3234 5109
768 501 801 551 43

336 665 460 724 Summa
476 665 566 740 igitur
580 663 873 741 repraesentationis
889 663 967 720 haec
989 671 1045 721 est.
1083 637 1201 720 Navem
1223 641 1333 719 alicubi

235 767 353 844 appulit
383 785 437 824 rex
470 767 596 841 quidam
624 767 787 824 comitatus
817 782 915 821 uxore
940 772 972 820 et
998 772 1117 839 septem
1146 765 1260 821 ancillis
1288 764 1336 821 vel

234 869 364 932 filiabus,
403 868 515 926 Secum
535 868 653 925 habeut
675 866 871 923 simulacrum
892 866 999 923 nescio
1022 866 1106 922 cuius
1130 866 1190 923 dei.
1227 865 1284 923 Cui
1304 865 1335 921 in

236 970 324 1027 litore
347 970 427 1027 lecto
464 978 561 1026 strato
596 968 681 1025 cibos
710 967 876 1041 vinumque
908 974 1069 1042 apponunt
1097 982 1160 1023 non
1190 966 1278 1023 aliter
1299 983 1347 1028 ac¹

236 1071 304 1128 vivo
327 1070 441 1127 homini
462 1071 555 1146 longo
578 1070 687 1126 itinere
709 1068 839 1143 fatigato
863 1066 1006 1143 fameque
1026 1084 1143 1144 presso.
1373 1057 1376 1065 ’

336 1171 444 1246 Itaque
472 1171 521 1227 hic
551 1171 614 1228 fere
644 1171 727 1227 idem
755 1186 813 1226 usu
841 1171 925 1226 venit
953 1179 1046 1244 atque
1074 1170 1106 1225 in
1132 1168 1257 1237 Rh0d0‚
1283 1169 1335 1225 ubi

237 1267 380 1330 Dioscuri
410 1272 482 1329 olim
507 1271 642 1346 hospitio
683 1279 714 1327 et
742 1270 929 1328 lectisternio
958 1270 1080 1345 excepti
1103 1278 1182 1328 sunt.
1227 1268 1337 1328 Procul

239 1375 333 1432 dubio
367 1372 474 1429 artifex
510 1381 624 1430 certam
659 1371 795 1429 fabulam
827 1379 1061 1444 repraesentare
1094 1371 1196 1429 voluit.
1245 1370 1336 1442 Quae

238 1459 341 1534 tamen
361 1475 457 1549 qualis
480 1474 579 1542 fuerit,
604 1491 663 1548 ego
688 1473 814 1547 quidem
837 1471 1020 1546 investigare
1043 1489 1106 1529 non
1127 1472 1224 1547 potui.

338 1575 400 1633 Sed
428 1576 560 1650 quaeris,
590 1592 643 1630 cur
672 1573 732 1630 hoc
753 1574 910 1631 vasculum
934 1574 1135 1649 disputationi
1158 1576 1199 1630 de
1223 1573 1337 1631 Bacchi

238 1678 335 1735 xeniis
368 1676 612 1752 interposuerim.
666 1673 735 1731 Scio
769 1675 915 1749 equidem
949 1674 1104 1733 luculenta
1133 1675 1260 1749 vestigia
1295 1675 1337 1732 ad

238 1779 320 1837 illum
353 1779 447 1834 deum
480 1776 654 1852 spectantia
687 1792 751 1831 non
783 1775 904 1832 adesse.
949 1775 1160 1844 Nihilominus
1194 1775 1338 1851 quoniam

240 1879 445 1954 conspicimus
472 1889 570 1935 utrem
598 1877 681 1934 illum
711 1878 782 1935 vino
805 1878 965 1953 repletum,
995 1894 1058 1934 non
1083 1878 1149 1934 sine
1171 1895 1274 1946 causa,
1304 1885 1339 1934 ut

239 1981 376 2048 arbitror,
399 1981 592 2037 censebimus
617 1978 740 2035 Baccho
763 1978 823 2036 hoc
844 1980 1062 2036 lectisternium
1085 1980 1194 2055 parari.

339 2083 459 2153 Restat,
483 2089 518 2137 ut
544 2081 699 2155 quaedam
721 2081 845 2137 vascula
871 2082 967 2138 rubris
989 2080 1091 2155 figuris
1114 2081 1241 2155 depicta
1267 2097 1339 2136 exa·

240 2183 400 2252 minemus,
431 2184 462 2239 iu
489 2183 598 2257 quibus
626 2199 712 2240 sacra
728 2181 881 2239 Bacchica
903 2182 1095 2239 lectisterniis
1119 2182 1266 2239 simillima
1288 2199 1339 2237 ex-

240 2285 335 2341 hibita
357 2292 437 2342 sunt.
469 2284 703 2359 Argumentum,
727 2285 813 2357 quod
834 2282 912 2341 haec
934 2283 1060 2341 vascula
1083 2284 1181 2358 magis
1202 2284 1340 2340 minusve

241 2386 370 2461 copiose
393 2385 509 2459 pictum
538 2384 709 2441 ostendunt
730 2384 773 2440 ita
795 2383 859 2440 fere
882 2385 1055 2464 summatim
1078 2384 1211 2441 describi
1225 2390 1338 2460 potest.

151 2529 160 2543 .
239 2485 275 2542 In
289 2485 394 2543 medio
409 2486 512 2560 posita
534 2493 582 2542 est
601 2486 752 2553 columna,
775 2484 807 2541 iu
824 2486 911 2542 cuius
927 2485 1083 2561 superiore
1097 2493 1183 2559 parte
1207 2502 1341 2559 persona

240 2586 304 2643 sive
333 2586 472 2643 oscillum
493 2584 608 2642 Bacchi
640 2585 760 2641 barbati
783 2602 968 2660 suspensum
993 2594 1057 2654 est3
1092 2603 1183 2661 supra
1204 2585 1341 2643 hederae

242 2687 317 2744 rami
330 2687 471 2761 *adligati
502 2694 581 2746 sunt.
625 2685 707 2746 Infra
732 2703 897 2761 personam
920 2687 1062 2744 columna
1084 2687 1272 2744 circumdata
1294 2696 1342 2744 est

241 2788 341 2862 longis
364 2788 563 2856 vestimentis,
588 2795 622 2843 ut
648 2786 711 2843 fere
732 2788 868 2863 speciem
887 2788 977 2863 prisci
999 2788 1150 2845 simulacri
1172 2787 1341 2845 habeamus

242 2883 296 2962 (cf.
320 2888 528 2946 Bbttieherum
559 2887 744 2945 buumkultus
764 2906 793 2963 p.
812 2904 872 2963 ²²9
888 2885 969 2964 sqq.)
981 2887 1015 2963 ¹).
1059 2890 1141 2946 Ante
1165 2889 1198 2946 id
1220 2888 1343 2945 simula·

243 3006 327 3046 crum
357 3006 465 3046 mensa
493 2990 595 3065 posita
622 2997 669 3046 est
696 2990 817 3046 duabus
846 2990 913 3047 ollis
935 2985 1118 3066 (στάμνοις)
1141 2997 1171 3047 et
1192 2990 1341 3065 placentis

244 3091 345 3150 variae
371 3089 487 3149 formae
515 3092 671 3149 instructa.
717 3089 817 3165 Prope
839 3107 977 3148 mensam
1000 3091 1133 3149 feminae
1164 3092 1342 3166 plerumque

243 3191 430 3250 bacchantes
454 3191 486 3247 in
508 3208 614 3247 mensa
637 3192 818 3247 exornanda
841 3200 1013 3266 occupatae
1045 3199 1132 3249 sunt:
1169 3192 1248 3249 aliae
1279 3193 1343 3267 pla·

244 3300 350 3348 centas
385 3300 551 3367 apportant
583 3292 663 3349 aliae
692 3292 794 3348 vinum
828 3309 867 3348 ex
894 3292 960 3350 ollis
988 3292 1131 3350 hauriunt
1163 3293 1240 3349 aliae
1262 3293 1343 3350 tibiis

244 3399 358 3449 canunt
371 3394 457 3450 ,aliae
481 3393 617 3467 denique
640 3392 759 3467 thyrsos
781 3394 931 3450 taedasve
953 3394 1081 3454 vibrant.

343 3493 390 3551 Ex
412 3494 540 3552 officinis
563 3494 673 3551 Atticis
695 3495 892 3568 prodierunt:

385 3595 422 3653 A.
467 3594 546 3653 Olla.
589 3594 765 3653 Parisiis,
823 3593 983 3670 Cutaloghi
1006 3597 1055 3653 dcl
1082 3595 1163 3656 Mus.
1201 3595 1296 3670 Camp.
1319 3597 1343 3666 I,

244 3693 311 3748 sula
326 3694 363 3762 A,
385 3712 414 3753 n.
433 3708 480 3767 70.
508 3694 545 3754 O.
561 3695 636 3752 Iahn
660 3714 729 3751 ann.
755 3696 781 3755 d.
812 3695 885 3755 Inst.
912 3695 1001 3766 1862,
1023 3716 1052 3773 p.
1069 3696 1107 3772 67
1126 3715 1193 3772 sqq.
1210 3697 1294 3758 Mon.
1317 3700 1344 3757 d.

247 3791 319 3850 [πεί.
342 3792 393 3854 VI.
416 3793 483 3862 VII,
506 3797 568 3855 tab.
584 3793 634 3868 65.

250 3915 447 3924 w...-

245 3977 337 4028 tabula
348 3977 444 4042 Iliaca3
464 3977 685 4028 IahnMichaelis
695 3980 803 4042 griech.
818 3980 999 4030 bilderchron.
1018 3995 1043 4044 p.
1058 3991 1100 4045 35.
1127 3980 1226 4031 Cistam
1245 3983 1345 4033 Bacchi

245 4067 348 4129 signum
371 4066 510 4114 continens
529 4066 680 4131 Eurypylus
697 4068 778 4117 Troia
801 4074 878 4133 capta
901 4068 1015 4133 praedae
1038 4074 1140 4133 partem
1166 4069 1280 4134 accepit;
1306 4071 1339 4121 cs.

244 4155 324 4205 Paus.
345 4151 407 4213 VH,
430 4165 470 4215 19,
490 4154 576 4218 6sqq.
1096 4158 1099 4164 ’

348 4243 372 4308 1)
391 4241 494 4291 Similia
519 4248 687 4292 monumenta
715 4259 729 4291 e
753 4259 881 4293 marmore
900 4244 969 4293 facta
988 4244 1136 4293 etiamnunc
1154 4250 1264 4295 exstant.
1305 4246 1344 4297 cf.

245 4329 439 4389 Schreiberum,
457 4337 515 4381 ant.
535 4333 623 4382 bildw.
642 4332 691 4380 der
706 4334 775 4381 villa
794 4332 928 4381 Ludour'si
944 4349 989 4383 no.
1003 4332 1043 4384 18.
1064 4360 1097 4370 -
1118 4331 1263 4381 Columnae
1280 4332 1342 4383 loco

245 4434 352 4469 xoanon
370 4419 471 4469 Bacchi
490 4420 634 4469 ostendunt
652 4421 760 4470 vascula
778 4421 802 4469 E
826 4422 854 4470 H
872 4423 903 4470 M
921 4423 954 4488 (v.
973 4418 1052 4490 inin).
