3234 5109
798 378 832 441 36

266 558 312 613 his
332 578 360 614 r.
385 533 421 613 on
440 557 484 613 tle
504 555 658 612 schoulder
683 555 722 634 of
736 554 879 629 Hygiezh,
910 554 972 611 zolro
998 555 1024 610 is
1047 555 1148 610 scaled
1171 573 1207 610 on
1232 554 1275 609 the
1297 555 1368 628 edge

270 659 308 738 of
322 658 366 715 lle
388 658 483 723 conch,
514 659 545 713 in
565 656 705 736 frontes
718 656 799 723 litim·
822 654 939 712 beneollr
962 656 1108 729 Asklepios
1130 675 1148 711 a
1171 650 1292 729 lripod’‚
1327 688 1368 696 —

268 778 376 817 mensa
398 761 491 834 tripes
515 766 581 831 est;
619 789 659 798 -
675 747 815 814 ‘beneatlr
848 757 991 833 Ilpgieiea
1024 777 1042 813 α
1070 754 1144 832 staff
1164 756 1235 813 wz'tl
1256 764 1371 832 serpen!

270 862 380 918 tunam
396 861 497 916 round
516 861 547 918 it.
608 858 654 914 On
677 858 721 914 tle
743 858 798 920 left
820 858 858 937 os
871 858 914 914 tle
936 860 1052 915 ccntral
1066 867 1174 934 group,
1197 874 1218 914 a
1240 865 1308 926 trec,
1332 878 1366 914 on

269 961 361 1020 16111611
384 960 480 1037 langs
502 979 520 1016 a
542 961 665 1026 cuzrass,
690 961 753 1015 and
773 957 890 1015 beneallz
909 959 1003 1015 which
1030 961 1131 1015 stands
1163 977 1181 1014 α
1209 978 1277 1015 man
1300 960 1370 1015 clod

269 1065 301 1119 in
322 1063 523 1131 chondriton,
549 1081 587 1117 an
605 1062 734 1136 placing
754 1060 801 1116 lis
828 1080 854 1119 r.
887 1060 971 1117 hand
1000 1062 1031 1116 in
1064 1061 1221 1135 amphora,·
1255 1080 1290 1116 on
1324 1060 1368 1117 the

269 1165 352 1239 right
371 1164 409 1243 os
421 1173 528 1239 group,
560 1162 603 1218 tle
623 1161 783 1240 sore-part
802 1161 840 1240 os
860 1179 878 1216 a
899 1160 980 1217 horse
1012 1162 1182 1237 adoancing
1215 1163 1248 1228 l;
1280 1161 1369 1218 above

267 1274 362 1341 group
383 1284 401 1321 a
424 1266 525 1322 round
543 1258 667 1322 shield'.
714 1262 831 1320 Habitu
854 1261 993 1336 Hygieae
1023 1271 1170 1337 motuque
1193 1262 1369 1338 Aesculapii

269 1368 402 1442 suspicio
422 1374 562 1423 movetur
584 1382 653 1422 cum
668 1364 728 1421 hoc
752 1364 938 1421 lectisternio
962 1357 1070 1438 ‘isphr
1091 1359 1209 1438 γάμον’
1238 1365 1368 1426 deorum

270 1468 468 1524 coniunctum
492 1465 593 1524 fuisse.
649 1464 758 1541 Neque
781 1482 886 1533 causa,
911 1482 963 1522 cur
987 1465 1021 1521 id
1043 1466 1262 1523 lectisternium
1283 1465 1368 1521 insti·
1416 1523 1418 1530 .

270 1577 372 1626 tutum
391 1568 439 1635 sit,
462 1567 545 1625 latet.
596 1565 643 1624 Ex
666 1566 794 1623 thorace
817 1568 951 1623 enimet
974 1566 1074 1641 clipeo
1098 1567 1265 1642 suspensis,
1288 1583 1368 1644 quae

271 1671 337 1727 deis
361 1670 507 1727 dedicata
524 1667 669 1725 habenda
691 1667 761 1725 sunt
785 1663 837 1743 (cf.
854 1668 944 1726 Paus.
959 1666 1040 1736 VIII,
1058 1667 1106 1737 28,
1127 1662 1166 1743 1),
1190 1669 1368 1743 colligemus

272 1771 444 1846 Philippum
474 1778 598 1844 propter
631 1769 789 1826 victoriam
824 1777 1010 1844 reportatam
1043 1769 1117 1825 illud
1150 1768 1369 1825 lectisternium

272 1872 447 1928 celebrasse
470 1868 510 1948 (v.
534 1888 614 1945 supr.
636 1888 665 1944 p.
682 1885 696 1945 7
711 1889 737 1929 6.
761 1878 824 1929 not.
839 1866 879 1946 2).
907 1867 953 1928 Cf.
977 1869 1134 1927 Salletium
1146 1870 1163 1929 l.
1176 1888 1200 1928 6.
1212 1888 1241 1945 p.
1255 1868 1315 1943 328
1338 1878 1369 1926 et
1468 1942 1475 1948 ἡ

271 1972 412 2030 Weilium
434 1971 563 2030 zeitschr.
576 1970 608 2050 f
631 1971 762 2030 numism.
787 1970 868 2048 VIII,
890 1988 919 2046 p.
944 1987 999 2045 103
1016 1989 1059 2045 sq.
1076 1966 1107 2047 ¹).

369 2073 463 2131 Porro
486 2074 593 2148 quanti
615 2073 761 2130 momenti
792 2072 883 2129 fuerit
914 2090 1033 2140 mensa,
1068 2090 1148 2148 quae
1170 2074 1202 2129 in
1224 2072 1296 2130 iano
1319 2074 1370 2129 dei
1419 2125 1424 2135 .

270 2175 371 2249 posita
394 2181 469 2242 erat,
498 2190 590 2230 nemo
612 2175 742 2249 ignorat,
774 2174 826 2248 qui
850 2174 1062 2248 Aristophanis
1084 2168 1236 2231 ‘Plutum'
1264 2174 1370 2251 legerit

270 2271 323 2351 (cf.
344 2293 371 2334 v,
387 2273 448 2349 676
462 2292 527 2350 sqq.
551 2282 582 2330 et
603 2274 762 2335 schol..ad
785 2294 812 2334 v.
834 2270 918 2350 678).
952 2275 1021 2332 Huc
1042 2275 1125 2333 adde
1149 2275 1189 2332 sis
1212 2277 1371 2332 decretum

270 2375 466 2434 honorarium
496 2376 528 2433 16
557 2374 591 2434 C.
620 2376 644 2433 I.
670 2377 707 2434 A.
744 2376 785 2445 ΙΙ,
823 2393 853 2446 1,
884 2395 913 2435 n.
936 2378 1038 2451 373b‚
1063 2395 1092 2452 p.
1110 2376 1170 2449 462
1187 2393 1232 2450 sq.
1259 2394 1285 2435 v.
1319 2375 1369 2431 18:

273 2473 391 2538 ἔθυσεν
414 2508 454 2517 -
476 2508 517 2517 -
539 2508 580 2517 -
601 2480 647 2558 τῷ
670 2479 735 2558 θεῷ
755 2474 808 2536 καὶ
830 2475 888 2550 τὴν
911 2473 1072 2552 τράπεζαν
1096 2472 1294 2552 ἐκόΙσμησεν
1316 2494 1370 2537 κα·

272 2578 338 2653 λῶς
357 2575 408 2638 καὶ
425 2574 624 2653 φιλοτίΙμως.
658 2577 800 2652 Denique
820 2578 992 2636 adferenda
1003 2587 1051 2635 est
1061 2595 1169 2635 mensa
1185 2580 1370 2652 quaedame

272 2682 357 2738 calce
380 2679 471 2748 facta,
501 2696 580 2752 quae
601 2678 745 2738 Heraeae
768 2679 904 2735 Achaiae
924 2680 1083 2737 invenitur.
1118 2679 1154 2736 In
1177 2678 1276 2735 fronte
1299 2697 1370 2736 exa·

272 2790 356 2839 ratus
379 2790 427 2837 est
450 2780 563 2849 titulus,
587 2797 678 2853 quem
691 2779 853 2855 Adolphus
875 2779 1085 2855 Furtwi'rngler
1106 2780 1151 2836 vii
1174 2780 1370 2837 doctissimus

272 2900 290 2939 e
313 2882 435 2939 schedis
459 2881 520 2937 suis
544 2881 677 2954 benigne
700 2881 772 2938 mihi
795 2882 1006 2957 suppeditavit
1018 2877 1063 2958 2);

338 3038 1305 3125 TrAnltrzaztblwt0tonittnnnronlf

486 3328 636 3408 Τίμαρχις
658 3327 853 3394 Ἀσκλαπιοῦ
876 3329 987 3394 παισὶν
1010 3327 1155 3407 ἀνέθηκε.

375 3598 400 3667 1)
419 3601 460 3649 Ι)6
480 3616 549 3665 equo
568 3599 636 3649 nihii
654 3616 703 3665 pro
723 3607 794 3649 certo
815 3606 942 3665 statuam3
970 3599 1026 3648 fieri
1044 3607 1140 3663 potest,
1159 3608 1189 3649 ut
1207 3600 1372 3666 Aesculapio

273 3690 345 3738 dono
365 3689 454 3738 datum
473 3688 516 3747 sit,
536 3689 584 3737 sed
603 3688 667 3737 licet
686 3689 720 3737 de
739 3688 862 3752 symbolo
881 3703 988 3753 quoque
1008 3689 1124 3751 cogitare
1143 3689 1188 3748 (ci.
1202 3690 1372 3738 Klausenum

272 3779 385 3836 Aeneas,
398 3778 420 3836 Ι,
439 3794 465 3843 p.
478 3789 527 3838 129
542 3776 602 3844 sq.),
618 3791 651 3826 ne
665 3777 698 3827 de
711 3777 799 3827 hostia
815 3783 928 3827 mactata
940 3778 1049 3826 verbum
1063 3777 1150 3825 dicam
1169 3776 1213 3842 (ci.
1224 3778 1373 3827 Prellerum

269 3883 318 3930 gr.
336 3868 446 3931 mythol.
466 3867 488 3925 Ι,
506 3882 531 3932 p.
545 3877 599 3929 427
620 3873 683 3916 extr.
703 3881 725 3916 6.
744 3871 799 3915 not.
816 3878 827 3913 1
846 3883 871 3932 p.
885 3867 956 3929 428).
976 3865 1118 3915 —Obiter
1135 3881 1232 3915 moneo
1250 3882 1299 3914 666
1317 3866 1374 3915 Sal·

272 3953 366 4002 letium
379 3969 428 4002 nec
440 3954 572 4003 Weilium
584 3954 613 4002 id
628 3955 700 4018 quod
713 3969 745 4003 ex
758 3954 814 4005 illis
828 3953 941 4004 nummis
957 3954 1077 4004 effecisse
1092 3955 1144 4004 sibi
1156 3954 1206 4003 visi
1220 3962 1288 4014 sunt,
1307 3954 1372 4004 mihi

271 4042 414 4106 probasse;
443 4042 475 4093 cf.
495 4043 719 4092 Milchhoeferum
736 4044 832 4094 Mitth.
854 4046 879 4095 d.
898 4044 956 4094 ath.
976 4047 1040 4094 inst.
1062 4043 1139 4108 1879,
1158 4060 1183 4109 p.
1202 4043 1251 4106 164
1271 4049 1326 4093 not
1348 4055 1371 4094 1.

375 4126 402 4196 2)
420 4130 537 4178 Titulum
563 4130 668 4180 Martha
690 4147 797 4197 quoque
823 4132 939 4181 enotavit
962 4129 1038 4198 (bull.
1060 4134 1084 4184 d.
1104 4149 1174 4182 corr.
1200 4132 1265 4182 hell.
1296 4131 1371 4195 1879,

274 4234 300 4283 p.
317 4230 366 4279 190
379 4214 439 4285 sq),
468 4219 516 4268 sed
540 4220 704 4269 monumenti
729 4227 850 4270 naturam
873 4236 928 4270 non
950 4219 1091 4271 intellexit.
1124 4247 1157 4259 -·
1185 4219 1266 4269 Plura
1284 4215 1373 4272 attulit

275 4306 371 4359 Girard
390 4309 456 4358 lull.
476 4309 500 4356 d.
523 4324 592 4360 corr.
611 4310 675 4360 hell.
694 4310 730 4367 11,
749 4326 775 4377 p.
791 4311 824 4373 76
836 4324 873 4375 sq.
