3234 5109
1500 468 1561 519 13

438 642 558 692 vet.
605 636 689 691 ad
734 634 948 691 ins'cr.:
1019 627 1382 694 Θεοξενίων
1429 626 1649 706 ἑορταὶ
1690 624 1840 705 παρ’
1885 624 2195 705 Ἕλλησιν
2241 629 2452 705 οὕτως
2500 629 2628 689 ἐπι,

435 734 772 796 τελοῦνται
831 728 992 794 κατά
1050 749 1231 805 τινας
1292 727 1661 806 ὡρισμένας
1724 726 1988 809 ἡμέρας,
2059 727 2150 805 ὥς
2216 728 2432 793 αὐτῶν
2499 733 2628 793 τῶν

435 834 604 895 θεῶν
664 830 1150 909 ἐπιδημούντων
1178 827 1224 908 ¹)
1290 831 1430 906 ταῖς
1483 827 1775 892 πόλεσιν.
1885 831 2384 889 Theoxeniorun]
2452 849 2628 889 „sacra

433 936 847 994 anniversaria
908 935 1094 1013 fuisse
1157 950 1284 990 non
1344 934 1553 1008 inepte
1620 932 1770 989 dicit
1840 932 2292 1006 grammaticus,
2364 953 2508 989 nam
2572 937 2624 989 si

431 1037 778 1094 memineris
824 1031 1171 1097 Θεοξενίου
1227 1035 1454 1091 mensis
1511 1032 1818 1108 Delphici,
1894 1042 2151 1109 apparet
2215 1034 2436 1093 festum
2484 1033 2628 1093 Del-

430 1136 679 1211 phicum
723 1138 841 1195 hoc
886 1139 1022 1213 ipso
1070 1155 1283 1196 mense
1328 1146 1533 1195 actum
1569 1154 1730 1194 esse.
1797 1135 1973 1193 Idem
2016 1137 2324 1211 spondere
2360 1137 2500 1193 lic-nt
2548 1137 2628 1193 sle

435 1236 889 1297 Pellenensium
919 1248 983 1296 et
1015 1241 1095 1296 de
1129 1238 1442 1296 Pariorum
1467 1237 1865 1296 TheoxeniiS.
1907 1237 1999 1294 Ac
2030 1238 2320 1312 quoniam
2344 1237 2396 1293 T
2404 1237 2628 1293 henne-

429 1340 533 1395 nia
565 1340 970 1414 Agrigentina
1014 1339 1184 1397 haud
1228 1339 1417 1396 dubie
1462 1356 1589 1395 non
1638 1338 1836 1396 solum
1884 1338 1961 1396 ab
2009 1338 2384 1395 Emmenidis
2432 1341 2544 1393 sed
2592 1357 2628 1397 a

430 1448 566 1498 tota
599 1441 843 1499 civitate
875 1450 1017 1500 acta
1052 1449 1214 1510 sunt,
1260 1441 1324 1498 in
1353 1440 1472 1497 hoc
1504 1454 1753 1522 quoque
1785 1439 2010 1497 festum
2040 1441 2364 1497 adnotatis}
2412 1441 2628 1497 echoli-

429 1548 612 1599 astae
657 1542 841 1601 cadit.

634 1641 965 1701 Praeterea
1008 1651 1285 1700 extrema
1331 1659 1492 1717 quae
1537 1642 1713 1699 attuli
1756 1642 1940 1699 verba
1972 1642 2204 1698 docent
2235 1645 2400 1716 apud
2436 1641 2628 1697 Grae-

430 1760 544 1801 cos
591 1744 859 1817 viguisse
899 1744 1273 1801 sententiam
1304 1744 1459 1800 deos
1491 1744 1552 1798 in
1584 1741 1961 1799 Theoxeniis
1991 1750 2348 1817 praesentes
2384 1745 2624 1801 adesse.

633 1845 688 1902 A
734 1843 951 1901 Siculis
993 1845 1406 1919 procedamus
1451 1843 1512 1899 in
1560 1842 2056 1917 Peloponnesum
2101 1860 2174 1900 ac
2203 1842 2628 1901 Lacedaemo-

425 1961 597 2001 nem.
671 1944 765 2001 Ac
807 1944 1066 2019 primum
1111 1946 1252 2002 vide
1299 1962 1378 2001 an
1423 1961 1549 2000 non
1593 1945 1678 1999 ad
1708 1942 2071 2000 Theoxenia
2102 1942 2404 2018 Spartana
2452 1961 2624 2017 Spec-

426 2052 568 2102 tent
601 2063 676 2101 ea
707 2045 914 2113 verba,
963 2046 1180 2119 quibus
1213 2045 1498 2103 Dioscuri
1526 2044 1834 2101 Helenam
1863 2046 2029 2119 apud
2059 2044 2416 2119 Euripidem
2460 2041 2628 2121 (Hel.

432 2143 599 2201 1666
637 2141 799 2221 sqq.)
846 2145 1169 2204 adfantur:

601 2242 761 2307 ὅταν
807 2245 880 2308 δὲ
924 2242 1186 2328 κάμψῃς
1231 2244 1333 2307 καὶ
1375 2245 1771 2328 τελευτήσῃς
1819 2243 1975 2324 βίον,

602 2345 753 2421 θεὸς
798 2344 1094 2422 κεκλήσει
1139 2345 1242 2409 καὶ
1285 2344 1678 2423 Διοσκόρων
1724 2345 1881 2422 μέτα

600 2449 968 2510 σπονδῶν
1025 2447 1388 2523 μεθέξεις
1441 2445 1653 2510 ξένιά
1708 2444 1769 2509 τ’
1828 2444 2283 2524 ἀνθρώπων
2336 2445 2544 2521 πάρα

599 2547 820 2625 ἕξεις
881 2545 1058 2625 μεθ’
1119 2546 1369 2625 ἡμῶν·
1457 2546 1628 2623 Ζεὺς
1671 2548 1795 2625 γὰρ
1842 2544 1970 2611 ὧδε
2019 2546 2332 2626 βούλεται.

423 2652 754 2709 verisimile
798 2653 962 2709 enim
1005 2670 1116 2727 per
1156 2669 1223 2708 se
1269 2661 1366 2709 est
1408 2651 1715 2709 Helenam
1752 2652 2009 2727 Spartae
2041 2652 2416 2710 Theoxeniis
2464 2653 2620 2709 fruc:-

427 2758 561 2808 tam
591 2770 751 2820 esse,
804 2770 943 2810 cum
974 2753 1140 2810 idem
1172 2752 1491 2828 Agrigenti
1519 2771 1635 2809 usu
1667 2753 1907 2809 venisse
1942 2754 2255 2826 cognitum
2285 2753 2624 2809 habeamus

423 2870 633 2926 neque
679 2853 1003 2927 quisquam
1047 2854 1308 2927 ignoret,
1355 2860 1739 2929 quantopere
1783 2854 2054 2911 floruerit
2085 2854 2255 2929 apud
2286 2853 2620 2929 Spartanos

426 2952 713 3010 Helenae
761 2953 981 3015 cultus.

635 3052 777 3111 Non
823 3054 1116 3112 minorem
1153 3055 1270 3111 vim
1300 3054 1487 3113 habet
1518 3054 1765 3114 Pindari
1796 3056 1985 3124 locus,
2032 3056 2209 3114 Nem.
2242 3055 2316 3125 X,
2352 3073 2428 3129 *315
2456 3073 2588 3133 sqq.
2616 3077 2628 3113 :

1994 3152 2131 3216 ἐπεί

605 3251 964 3332 εὐρυχόρου
1007 3254 1221 3331 ταμίαι
1265 3253 1568 3333 Σπάρτας
1614 3252 1889 3330 ἀγώνων

598 3357 827 3433 μοῖραν
871 3353 1070 3437 Ἑρμᾷ
1114 3355 1217 3418 καὶ
1261 3356 1386 3418 σὺν
1431 3353 1727 3433 Ἡρακλεῖ
1771 3356 2053 3419 διέποντι
2097 3355 2376 3433 Θάλεια-ιιῃ

600 3454 769 3532 μάλα
813 3457 928 3533 μεν
973 3454 1231 3534 ἀνδρῶν
1277 3456 1538 3520 δικαίων
1581 3455 2092 3535 περικαδόμενοι.

433 3557 716 3632 Namque
748 3559 810 3615 hi
863 3577 1072 3617 versus
1111 3561 1231 3617 alio
1270 3563 1460 3617 modo
1510 3561 1779 3635 intellegi
1821 3570 2161 3636 nequeunt,
2218 3562 2332 3618 nisi
2380 3573 2628 3637 poetam

436 3659 517 3714 de
549 3659 754 3733 aliquo
787 3660 947 3718 festo
979 3661 1421 3720 Dioscurorum
1452 3664 1764 3737 cogitasse
1795 3670 2158 3720 statuamus,
2221 3662 2420 3719 Huius
2452 3665 2632 3737 igitur

436 3758 577 3815 festi
621 3760 917 3818 Hercules
963 3770 1029 3819 et
1074 3763 1413 3820 Mercurius
1457 3764 1787 3838 participes
1857 3772 2034 3821 erant
2101 3765 2444 3821 secundum
2488 3777 2624 3821 eam

435 3862 967 3930 consuetudinem,
1015 3880 1200 3937 quam
1244 3864 1308 3919 in
1351 3863 1727 3921 Theoxeniis
1772 3864 2035 3938 viguisse
2080 3863 2508 3933 intelleximnfi,
2556 3885 2628 3921 ar:

431 3977 624 4034 penes
670 3961 790 4019 hoc
834 3964 1092 4020 deorum
1136 3964 1458 4037 collegium
1514 3972 1646 4021 erat
1703 3964 1961 4022 facultas
2021 3959 2285 4040 ‘uoipav
2336 3961 2628 4025 finhfiiuv'

423 4050 538 4138 ⁸(cf.
585 4057 816 4136 “καλὴν
862 4058 1116 4139 μερίδα“
1186 4063 1452 4122 Pindaro
1494 4065 1752 4140 Delphis
1820 4061 2164 4143 addictam)
2230 4067 2388 4123 inter
2452 4085 2628 4141 prae-

431 4164 762 4221 stantiores
800 4163 964 4223 cives
1013 4166 1438 4225 distribuendi.

636 4368 687 4438 1)
738 4339 873 4419 Cum
898 4370 1142 4421 Prellero
1171 4386 1246 4434 gr.
1272 4371 1493 4437 mythol.
1523 4374 1566 4433 1,
1603 4389 1656 4438 p.
1681 4385 1782 4422 212
1810 4380 1918 4425 not.
1952 4386 1997 4433 13
2037 4373 2436 4439 ἐκδημοι’]··ιι“ι“ι.ι.ι*ιιἰ
2476 4373 2628 4421 codd.

2198 4502 2230 4540 2
