3234 5109
1507 434 1570 487 Ῑ7

637 595 768 652 Iam
813 594 1158 664 videamuS,
1202 612 1511 671 quaenam
1542 596 1620 651 sit
1659 597 1798 665 dea,
1847 614 2007 671 quae
2043 598 2106 654 in
2150 598 2240 655 bis
2285 599 2640 658 tabulis‘in-

446 696 908 755 teerioscuros
952 697 1226 755 medium
1270 697 1472 755 locum
1517 705 1746 756 teneat.
1851 698 2092 782 Eadem
2137 699 2328 773 figura
2372 700 2463 757 bis
2510 701 2642 757 sola

443 801 506 856 in
573 799 790 857 tabulis
858 798 1071 856 votivis
1141 797 1453 873 Spartanis
1534 806 2000 872 repraesentata
2083 808 2179 857 est
2252 796 2638 877 (Dr.-thr.

443 919 563 957 nrr.
603 916 714 957 221
761 908 826 957 et
860 895 1028 977 222).
1107 900 1301 957 Vides
1348 900 1635 957 feminam
1676 900 1738 957 in
1786 901 1917 958 basi
1964 908 2231 959 stantem
2275 904 2364 960 ita
2407 905 2487 960 ad
2532 920 2642 965 an-

446 1002 718 1077 tiquioris
760 1002 905 1058 artis
948 1019 1226 1058 normam
1271 1001 1673 1076 exsculptam,
1737 1009 1807 1058 ut
1850 1019 1977 1058 non
2028 1003 2281 1059 dubium
2328 1004 2425 1070 sit,
2495 1004 2643 1077 quin

445 1105 659 1163 artifex
706 1121 954 1160 xoanon
999 1102 1249 1177 aliquod
1292 1102 1511 1160 imitari
1555 1103 1830 1163 voluerit.
1929 1103 2161 1161 Totum
2196 1105 2373 1172 ¹enim
2415 1121 2637 1179 corpus

446 1223 585 1263 cum
633 1206 835 1279 capite
880 1222 957 1261 ex
1001 1205 1262 1261 adverso
1307 1204 1699 1279 conspicitur,
1766 1207 1961 1279 pedes
2034 1222 2159 1261 non
2227 1205 2386 1262 inter
2438 1224 2504 1263 se
2550 1206 2639 1263 di-

444 1314 628 1377 stant,
673 1306 925 1365 brachia
970 1306 1100 1363 sine
1144 1313 1314 1363 motu
1360 1306 1740 1380 dependent.
1810 1304 2036 1363 Induta
2081 1316 2179 1363 est
2225 1306 2490 1375 chitone,
2539 1308 2643 1382 qui

441 1408 606 1465 nullo
652 1408 894 1482 cingulo
940 1406 1217 1464 adhibito
1261 1407 1423 1480 rugis
1470 1406 1773 1482 parallelis
1810 1408 1893 1463 ad
1932 1408 2129 1481 pedes
2177 1407 2479 1466 demissus
2529 1416 2640 1469 est.
2713 1482 2716 1488 Δ

445 1507 711 1585 Colligas
757 1527 833 1565 ex
880 1508 1000 1566 hoc
1043 1507 1257 1566 habitu
1322 1509 1614 1582 virginem
1682 1525 1821 1565 esse
1887 1516 2438 1584 repraesentatam,
2510 1528 2637 1567 non

441 1619 806 1678 matronam,
843 1610 938 1667 cui
983 1609 1068 1665 rei
1104 1611 1336 1685 optime
1358 1612 1744 1683 respondent
1782 1623 2034 1667 tenerae
2070 1611 2340 1685 corporis
2384 1611 2637 1670 formae.
2725 1661 2732 1669 ,

447 1710 649 1786 Caput
694 1710 937 1769 calatho
983 1712 1271 1786 operitur.
1356 1700 1524 1782 Quid
1567 1718 1829 1786 utraque
1873 1728 2059 1769 manu
2104 1719 2316 1769 teneat
2359 1714 2638 1770 nondum

443 1814 590 1870 satis
614 1812 993 1870 intellectum
1027 1820 1123 1869 est
1145 1810 1209 1878 ¹).
1272 1813 1425 1870 Sunt
1449 1813 1611 1869 enim
1644 1813 1770 1869 duo
1797 1813 2014 1870 bacilla
2038 1812 2297 1886 globulis
2326 1814 2636 1883 distincta,

443 1931 622 1988 quae,
669 1915 720 1971 si
758 1914 1054 1971 Vischero
1100 1914 1353 1971 credere
1401 1913 1492 1973 fas
1539 1922 1653 1985 est,
1696 1915 1757 1971 in
1803 1912 1853 1971 C
1897 1914 1982 1971 ita
2026 1932 2320 1990 expressa
2365 1923 2527 1983 sunt,
2571 1923 2638 1972 ut

443 2033 637 2108 usque
683 2016 768 2073 ad
812 2015 1007 2073 solum
1035 2016 1401 2090 pertineant.
1477 2015 1697 2091 Neque
1731 2015 1905 2073 aliter
1936 2015 2196 2073 fortasse
2228 2016 2311 2072 de
2348 2017 2545 2089 anagl.
2579 2014 2636 2072 D
2689 2000 2693 2007 ⁸

442 2117 844 2175 iudicandum
889 2116 1036 2185 erit;
1105 2135 1249 2173 nam
1305 2134 1444 2175 cum
1510 2116 1867 2174 bacillorum
1922 2115 2240 2173 inferiores
2283 2124 2490 2191 partes
2537 2117 2635 2174 hic

440 2220 638 2276 minus
677 2218 802 2277 alte
845 2218 1194 2294 exsculptas
1240 2218 1473 2286 videaS,
1540 2218 1720 2275 facile
1776 2218 1839 2273 in
1885 2218 2238 2291 opinionem
2281 2219 2636 2292 perduceris

444 2320 680 2377 infimas
723 2327 931 2394 partes
973 2320 1155 2394 plane
1201 2319 1545 2387 evanuisse,
1592 2319 1709 2375 nisi
1738 2326 2011 2376 statuere
2040 2318 2233 2375 mavis
2264 2320 2636 2395 sculptorem

443 2421 552 2478 has
597 2429 805 2496 partes
851 2420 1100 2477 omnino
1144 2438 1272 2476 non
1315 2420 1713 2494 expressisse.
1826 2418 2052 2476 Totam
2096 2419 2262 2476 enim
2308 2419 2638 2495 anaglyphi

441 2521 823 2596 superficiem
883 2522 1058 2579 variis
1127 2520 1430 2578 coloribus
1495 2519 1683 2577 fuisse
1749 2520 1978 2595 pictam
2046 2537 2369 2596 corporum
2431 2520 2635 2579 formis

441 2641 655 2698 parum
700 2622 875 2680 elatis
921 2622 1191 2680 dilucide
1235 2623 1712 2681 demonstratur.
1781 2621 2042 2681 Brachia
2072 2622 2309 2681 bacillis
2355 2622 2635 2679 eiusdem

441 2724 683 2799 generis
749 2731 1098 2781 sustentata
1159 2731 1504 2780 monstrant
1569 2723 1894 2781 simulacra
1958 2722 2201 2781 Dianae
2246 2723 2554 2799 Ephesiae
2579 2718 2632 2799 ²)

441 2824 803 2901 Magnesiae
830 2820 882 2902 ⁸)
926 2825 1178 2883 Iunonis
1225 2824 1470 2882 Samiae
1493 2819 1564 2901 ⁴).

648 3024 693 3087 1)
731 3024 1010 3074 Dresselio
1037 3031 1091 3073 et
1114 3023 1511 3075 Milchhoefero
1539 3025 1766 3075 testibus
1788 3025 2008 3075 eaedem
2042 3024 2266 3088 ‘vittae’,
2303 3041 2434 3091 quas
2461 3025 2639 3091 appel-

439 3112 552 3162 lant
590 3129 708 3162 cum
747 3112 950 3163 Conzio
993 3119 1046 3161 et
1082 3113 1366 3173 Michaele,
1425 3114 1480 3163 in
1519 3114 1693 3176 anagl.
1732 3114 1781 3163 G
1818 3130 2032 3181 quoque
2070 3121 2340 3180 apparent,
2396 3115 2455 3163 id
2490 3113 2638 3178 quod

438 3202 487 3251 is
524 3201 616 3268 qui
655 3201 1071 3251 delineationem
1109 3202 1236 3250 fecit
1259 3217 1367 3251 non
1386 3201 1672 3266 perspexit.
1710 3202 1839 3251 Non
1872 3202 2064 3251 adsunt
2098 3202 2154 3251 in
2180 3203 2257 3251 eis
2301 3202 2634 3268 anaglyphi5‚

439 3306 575 3357 quae
614 3290 954 3340 simulacrum
993 3290 1167 3339 solum
1204 3288 1473 3340 exhibent.

639 3380 693 3444 2)
753 3379 834 3429 Cf.
892 3380 952 3430 E.
1000 3378 1238 3428 Curtium
1307 3379 1553 3443 Ephesos
1600 3395 1652 3444 p.
1691 3380 1757 3441 36
1815 3386 1925 3430 not.
1965 3391 2012 3431 2.
2105 3379 2311 3429 Dianae
2367 3379 2637 3445 Ephesiae

439 3483 665 3517 xoanum
715 3476 818 3517 tam
867 3483 1026 3533 saepe
1072 3468 1129 3516 in
1174 3468 1398 3517 nummis
1455 3467 1678 3531 gemmis
1728 3467 1959 3517 lucernis
1996 3468 2285 3527 invenitur,
2351 3476 2409 3518 ut
2461 3468 2637 3517 omnia

443 3569 746 3604 enumerare
784 3555 1053 3605 desistam.
1108 3556 1172 3606 E.
1209 3570 1258 3618 g.
1298 3555 1420 3604 vide
1447 3555 1520 3605 D.
1553 3555 1618 3605 A.
1648 3556 1717 3606 K.
1742 3557 1785 3612 Ι,
1818 3567 1865 3614 2,
1897 3568 1974 3617 13.
2038 3556 2286 3605 Mionnet
2323 3558 2514 3621 Suppl.
2536 3557 2634 3615 VI,

440 3642 547 3692 tab.
585 3643 685 3701 III,
725 3655 774 3693 2.
853 3643 1093 3693 Gerhard
1131 3652 1244 3695 ant.
1285 3647 1464 3694 bz'ldw.
1504 3644 1649 3693 tabb.
1691 3643 1894 3703 CCCV,
1932 3644 2189 3695 CCCVII.
2246 3672 2314 3681 —
2369 3646 2503 3694 Iahn
2540 3646 2636 3696 illa

439 3730 638 3780 bacilla
674 3738 884 3780 catenas
922 3747 1040 3781 esse
1076 3732 1280 3782 censuit
1319 3732 1450 3795 (ber.
1482 3735 1530 3783 d.
1558 3750 1600 3783 s.
1624 3749 1744 3796 ges.
1774 3735 1823 3783 d.
1858 3736 2000 3783 wz‘ss.
2036 3733 2188 3798 1851,
2221 3750 2273 3799 p.
2307 3731 2449 3800 147),
2490 3735 2636 3800 quod

439 3818 555 3867 fieri
591 3834 699 3868 non
733 3825 929 3884 potest,
985 3819 1110 3884 quia
1155 3819 1470 3884 plerumque
1522 3836 1632 3870 non
1669 3826 1812 3869 recte
1876 3820 2197 3885 dependent,
2253 3821 2350 3870 sed
2405 3821 2635 3886 pedibus

440 3906 598 3957 xoani
635 3906 853 3972 paulum
892 3907 1104 3957 admota
1144 3913 1279 3957 sunt.

641 3993 697 4061 3)
734 3996 807 4046 D.
845 3996 909 4048 A.
949 3997 1018 4047 K.
1053 3996 1100 4055 I,
1140 4008 1189 4055 2,
1243 4008 1320 4058 14.

641 4088 696 4148 4)
732 4085 907 4133 Recte
938 4083 1242 4133 ›Overbeck
1294 4081 1658 4150 (kunstmytlz.
1704 4085 1806 4144 III,
1859 4100 1909 4150 p.
1956 4082 2078 4152 14):
2160 4084 2293 4135 ‘Die
2339 4103 2492 4135 arme
2539 4089 2637 4135 der

439 4174 743 4222 samz'sclzen
790 4172 948 4221 Hera
997 4175 1212 4222 werden
1257 4188 1362 4221 von
1408 4174 1539 4222 zwez‘
1577 4174 1786 4221 statzen
1826 4180 2123 4236 getragen,
2169 4174 2369 4222 welche
2402 4175 2636 4222 seltener

432 4277 583 4324 ganz
613 4264 780 4324 glatt,
819 4262 1082 4327 hc‘iufiger
1124 4263 1297 4310 durch
1336 4264 1424 4311 ein
1475 4268 1764 4311 ornament
1792 4264 2027 4311 verzz'ert
2058 4263 2202 4320 sind,
2256 4263 2361 4310 das
2399 4264 2499 4310 wie
2535 4276 2633 4308 an-

439 4351 702 4399 einander
741 4351 994 4414 gerez'kte
1042 4351 1246 4416 kageln
1293 4353 1562 4411 aussz'eht,
1620 4353 1741 4400 und
1782 4367 1871 4400 am
1916 4350 2495 4399 wahrsckeinlz‘chsten
2545 4350 2633 4396 als
