3234 5109
812 369 828 420 4

275 540 406 592 mortem
428 531 648 599 occubuerant,
672 531 837 606 quotannis
861 531 1070 591 celebrabant.
1109 530 1222 590 Hostia
1236 538 1372 600 mactata

273 632 390 690 archon
411 640 547 690 mortuos
571 632 612 690 ad
634 632 759 708 epulum
780 631 912 690 vocabat
934 649 971 691 ac
994 632 1063 691 vino
1086 632 1181 692 libato
1204 633 1247 691 eis
1269 633 1385 709 propi-'

275 734 370 791 nabat
393 727 487 811 (Plut.
507 733 558 793 Ar.
583 729 645 809 21).

375 835 470 892 Sicuti
492 833 570 892 haec
591 852 679 892 sacra
699 834 863 892 maximam
877 843 997 909 partem
1011 834 1154 892 heroibus
1169 833 1274 892 oblata
1290 841 1371 904 sunt,

237 913 244 934 ¹
273 938 316 994 ita
337 917 527 994 lectisternia
549 953 674 1011 quoque
696 954 760 993 non
782 944 846 994 tam
878 938 920 993 ad
942 938 1058 994 cultum
1079 953 1221 1010 superum
1244 936 1372 993 deorum

273 1039 494 1114 pertinuerunt,
518 1054 610 1132 quam
632 1039 674 1095 ad
696 1037 811 1095 cultum
825 1038 954 1096 heroum
969 1055 1137 1114 eorumque
1159 1038 1296 1111 deorum,
1321 1037 1373 1112 qui

274 1147 385 1197 natura
407 1157 463 1197 sua
484 1140 621 1215 proxime
642 1139 756 1196 absunt
770 1138 809 1195 ab
826 1138 979 1199 heroibus.
1013 1138 1136 1196 Etenim
1156 1146 1278 1214 praeter
1299 1138 1374 1195 illud

275 1242 512 1318 lectisternium,
544 1242 630 1316 quod
661 1240 867 1298 Athenienses
900 1240 950 1308 Ol.
984 1240 1098 1299 CXXII
1129 1240 1193 1298 Iovi
1225 1240 1374 1300 Salvatori

276 1343 445 1418 Buphoniis
470 1342 609 1400 iecerunt
622 1335 656 1420 ¹),
698 1360 736 1399 ex
760 1343 827 1400 deis
848 1352 967 1401 tantum
990 1343 1152 1401 Plutonem
1164 1338 1189 1418 2)
1217 1342 1374 1399 Bacchum

220 1483 231 1504 0
275 1445 314 1517 (v.
337 1464 367 1521 p.
384 1444 424 1517 38
440 1439 518 1523 sqq.)
551 1444 768 1520 Aesculapium
799 1438 841 1524 (v.
861 1464 891 1521 p.
910 1460 949 1518 35
966 1440 1024 1521 sq.)
1064 1442 1257 1502 lectisterniis
1295 1444 1374 1501 cele·

276 1548 382 1604 bratos
404 1563 473 1603 esse
496 1546 635 1606 traditur.

375 1647 459 1704 Inter
499 1647 602 1704 omnia
640 1647 766 1705 numina
805 1656 910 1704 autem
944 1648 991 1704 vel
1025 1645 1204 1722 saepissime
1232 1644 1376 1703 Dioscuri

276 1749 373 1805 xeniis
391 1755 421 1805 et
437 1747 624 1806 Theoxeniis
640 1745 880 1807 honorabantur.
915 1747 1008 1807 Cuius
1029 1748 1071 1806 rei
1095 1766 1164 1806 cum
1187 1748 1261 1805 satis
1281 1748 1377 1805 multa

278 1858 310 1907 et
333 1849 487 1907 luculenta
509 1850 684 1908 testimonia
705 1858 830 1925 praesto
855 1851 924 1918 sint,
951 1851 989 1908 ab
1011 1850 1119 1907 horum
1142 1851 1271 1907 deorum
1292 1849 1375 1906 cultu

280 1951 450 2025 disputatio
473 1951 562 2008 nobis
586 1952 738 2008 ordienda
760 1959 816 2011 est.

376 2051 419 2109 Ut
442 2070 498 2128 par
513 2060 569 2121 est,
593 2052 815 2110 Dioscurorum
830 2054 924 2111 xenia
940 2063 971 2110 et
986 2053 1168 2116 Theoxenia
1182 2053 1230 2109 vel
1245 2052 1378 2111 maxime
1412 2115 1417 2119 ,

277 2154 308 2211 in
332 2152 547 2229 Peloponneso
576 2151 756 2228 Dorumque
787 2154 961 2212 civitatibus
988 2160 1156 2230 pervagata
1185 2161 1286 2222 erant3
1320 2155 1377 2212 sed

278 2256 372 2313 etiam
393 2253 523 2312 Athenis
549 2254 581 2311 in
601 2254 762 2313 Thessalia
791 2256 862 2313 alibi
891 2256 1044 2330 vigebant.
1106 2255 1152 2312 Ac
1180 2256 1309 2329 primum
1331 2273 1378 2311 re·

280 2355 425 2423 corderis‚
448 2372 575 2430 quaeso,
599 2349 792 2430 ‘prandium'
816 2356 900 2424 illud,
925 2355 1010 2431 quod
1032 2354 1292 2428 Atheniensesin
1307 2349 1391 2431 Pry?

279 2463 373 2513 taneo
388 2454 546 2512 Dioscuris
571 2456 753 2531 apposuisse
769 2456 908 2531 'scriptor
930 2456 1112 2513 comoediae
1134 2450 1294 2529 ‘l'l'thoi'
1314 2473 1378 2512 me·
1445 2512 1450 2516 .

279 2549 434 2624 moraba't3
458 2554 569 2614 Athen.
589 2554 644 2624 IV,
672 2570 727 2631 137
742 2574 773 2615 e:
807 2552 826 2616 ὁ
849 2554 885 2617 δὲ
908 2552 986 2630 τοὺς
1009 2551 1055 2629 εἰς
1077 2551 1234 2629 Χιωνίδην
1257 2550 1378 2630 ἀναφε-
1434 2571 1436 2576 ’

280 2655 439 2734 ρομένους
469 2653 628 2732 Πτωχοὺς
657 2654 798 2732 ποιήσας
827 2655 904 2732 τοὺς
937 2652 1125 2732 Ἀθηναίους
1155 2653 1265 2732 φησὶν,
1299 2652 1378 2720 ὅταν

280 2759 347 2834 τοῖς
369 2755 588 2834 Διοσκούροις
623 2756 659 2820 ἐν
691 2756 875 2840 πρυτανείῳ
908 2754 1042 2835 ἄριστον
1070 2758 1295 2835 προτιθῶνται,
1328 2754 1379 2818 ἐπὶ

280 2860 346 2920 τῶν
367 2860 536 2935 τραπεζῶν
560 2858 680 2922 τιθέναι
702 2858 801 2936 τυρὸν
825 2857 876 2921 καὶ
897 2857 1027 2935 φυστὴν
1043 2859 1215 2935 δρυπεπεῖς
1235 2854 1261 2918 τ’
1279 2854 1379 2933 ἐλάας

280 2956 476 3035 καὶπράσα
509 2956 690 3035 ὑπόμνησιν
722 2957 939 3036 ποιουμένους
975 2959 1032 3034 τῆς
1072 2955 1207 3036 ἀρχαίας
1240 2954 1379 3034 ἀγωγῆς.

282 3061 364 3133 Quia
387 3061 588 3136 complurium
609 3079 784 3120 mensarum
806 3063 922 3119 mentio
955 3061 1003 3130 fit,
1040 3063 1139 3119 elucet
1172 3060 1379 3119 Athenienses

283 3163 402 3238 utrique
427 3162 580 3221 Dioscuro
606 3180 744 3221 mensam
766 3164 842 3221 cibis
870 3180 1046 3221 exornasse.
1092 3161 1170 3220 Cum
1199 3162 1259 3219 hoc
1289 3162 1380 3220 sacri·

281 3264 350 3321 ficio
374 3265 544 3340 comparari
565 3272 670 3340 potest
693 3264 819 3339 quidam
843 3263 1038 3322 Cretensium
1059 3279 1144 3332 mos;
1167 3263 1223 3321 illis
1246 3263 1381 3320 enimin

282 3365 433 3433 aedilicio
456 3366 508 3422 ubi
531 3383 627 3423 cenae
656 3382 835 3423 communes
865 3366 989 3434 fiebant,
1023 3374 1089 3422 erat
1122 3360 1209 3426 ξενία
1239 3359 1380 3440 τράπεζα

283 3462 366 3540 Διὸς
395 3462 501 3548 ξενίου
536 3463 683 3542 (Pyrgion
705 3484 753 3541 ap.
777 3466 849 3525 Ath.
870 3466 924 3535 IV,
946 3484 975 3541 p.
996 3482 1051 3539 143
1070 3462 1129 3541 sq.)
1162 3484 1265 3541 neque
1295 3466 1382 3524 aliter

282 3568 348 3625 fieri
362 3575 478 3643 potest,
502 3568 584 3642 quin,
611 3550 754 3643 quotiens
771 3568 949 3643 epulabant,
972 3568 1003 3624 in
1019 3567 1077 3625 hac
1093 3584 1200 3625 mensa
1214 3566 1280 3624 Iovi
1295 3567 1381 3625 cibos

386 3834 410 3903 1)
429 3836 458 3886 C.
476 3835 497 3885 Ι.
518 3836 553 3886 A.
572 3834 608 3900 H,
631 3848 654 3896 r,
674 3846 735 3900 305·
779 3833 820 3885 Cf.
847 3833 1000 3884 Kohlerum
1032 3835 1124 3883 Herm.
1148 3834 1200 3892 VI,
1228 3849 1255 3899 p.
1277 3844 1326 3897 107
1342 3849 1381 3899 sq.

284 3926 326 3975 De
343 3924 514 3975 lectisterniis
539 3926 611 3975 Iovis
630 3925 766 3975 Diodorus
789 3924 921 3990 Sinopeus
940 3922 1097 3986 cogitaverit
1115 3936 1226 3972 necesse
1246 3927 1294 3983 est,
1324 3936 1383 3970 cum

285 4015 390 4080 scripsit
420 4015 528 4079 parasiti
558 4014 718 4073 orationem,
748 4028 826 4079 quarn
854 4012 968 4075 legimus
997 4011 1069 4077 apud
1099 4008 1196 4060 Athen.
1216 4010 1265 4069 VI,
1293 4010 1381 4072 239b.

286 4102 412 4152 Meineke
431 4103 461 4152 F.
481 4101 510 4152 C.
530 4102 561 4152 G.
581 4103 631 4161 ΙΙΙ,
652 4118 678 4167 ρ.
695 4112 744 4167 543
759 4117 798 4166 sq.
827 4101 919 4151 Verba
938 4100 1066 4165 exscripsi
1084 4099 1153 4148 infra
1171 4116 1197 4165 p.
1211 4109 1253 4161 25.

385 4191 410 4253 τ)
429 4190 468 4242 Cf.
489 4191 557 4240 duos
584 4189 676 4240 titulos
701 4190 884 4239 Athenienses
916 4189 1001 4256 quarti
1029 4187 1129 4237 saeculi
1157 4187 1286 4245 exeuntis,
1314 4202 1382 4253 quos
1431 4231 1435 4236 ,
1463 4216 1468 4226 ·
1566 4165 1572 4219 ί

283 4279 392 4329 Kbhler
411 4279 496 4329 edidit
513 4279 532 4330 l.
551 4294 573 4332 c.
592 4295 618 4345 p.
632 4278 681 4328 106
694 4293 732 4344 sq.
