3234 5109
737 409 867 460 41¹

137 633 140 642 ,
203 581 270 630 utre
286 573 433 648 dolioque
448 574 614 630 instructos
632 568 794 648 pingeret?
816 571 886 646 Ego
902 573 1027 647 quidem
1042 573 1108 630 sine
1130 574 1192 631 ulla
1214 573 1303 640 dubi·
1360 617 1363 622 »

204 675 324 732 tatione
339 675 437 749 primo
453 675 564 731 editori
579 667 759 747 adstipulor,
783 674 835 747 qui
859 674 898 729 de
911 671 1004 731 Chois
1028 675 1194 750 cogitabat,
1218 675 1303 750 quod

204 791 292 832 suum
314 783 443 850 uterque
465 774 588 849 Satyrus
610 774 852 850 promptuarium
874 792 927 831 vas
947 792 1052 833 secum
1075 776 1211 834 haberet.
1245 778 1304 834 Ac·

205 878 288 934 cedit
311 879 404 935 aliud.
442 865 582 934 Vidimus
606 878 687 934 enim
702 877 921 934 lectisternium
943 876 1001 935 hac
1023 878 1155 953 imagine
1179 895 1304 953 expres·

204 996 271 1035 sum
302 997 365 1036 non
397 988 459 1035 tam
491 980 532 1035 ad
559 978 684 1053 epulum
714 995 807 1052 quam
837 981 879 1035 ad
899 973 988 1052 ἱερὸν
1010 974 1114 1052 γάμον
1136 979 1250 1036 Bacchi
1272 986 1304 1036 et

203 1080 359 1137 Ariadnae
388 1088 538 1153 spectare.
580 1080 682 1153 Atque
705 1096 773 1136 eam
798 1080 1015 1136 caerimoniam
1037 1079 1303 1137 Anthesteriorum

203 1190 324 1256 partem
334 1179 429 1238 fuisse
441 1183 548 1238 notum
563 1188 625 1253 est;
645 1180 682 1240 cf.
694 1179 922 1237 Mommsenum
937 1180 954 1240 l.
967 1198 992 1240 c.
1007 1200 1036 1256 p.
1051 1196 1109 1255 357
1124 1197 1190 1255 sqq.
1217 1180 1303 1253 Quo·

202 1283 298 1339 modo
321 1281 400 1339 haec
422 1282 609 1340 caerimonia
632 1290 702 1339 acta
725 1283 775 1349 sit,
803 1299 867 1338 non
890 1282 1029 1350 traditur,
1053 1282 1111 1339 sed
1133 1282 1158 1339 si
1180 1290 1303 1356 reputa·

202 1400 270 1441 mus
304 1383 457 1441 archontis
491 1384 571 1459 regis
593 1401 721 1440 uxorem
756 1400 826 1440 cnm
859 1383 1020 1440 simulacro
1051 1382 1103 1439 dei
1135 1383 1165 1439 in
1188 1382 1302 1458 templo

204 1484 400 1541 coniunctam
414 1502 484 1542 esse
506 1485 711 1552 matrimoni0,
735 1483 836 1541 facere
852 1501 914 1540 non
930 1502 1105 1559 possumus,
1120 1487 1194 1559 quin
1208 1484 1305 1558 suspi-

204 1601 309 1642 cemur
330 1587 442 1643 lectum
469 1570 662 1660 coniugalem
684 1587 785 1659 aliquo
807 1587 902 1642 modo
924 1586 1096 1643 adhibitum
1118 1601 1197 1644 esse.

305 1686 395 1744 Hanc
411 1695 547 1745 nostram
562 1687 830 1745 ratiocinationem
845 1704 906 1743 una
922 1705 954 1743 re
969 1686 1089 1761 infringi
1103 1705 1195 1762 posse
1218 1687 1303 1743 dixe·

203 1789 252 1854 ris.
296 1786 405 1863 Neque
434 1789 514 1845 enim
542 1806 598 1863 pro
628 1797 712 1846 certo
744 1797 867 1846 constat
897 1791 1052 1846 vasculum
1073 1788 1203 1846 Athenis
1233 1806 1302 1847 esse

204 1889 404 1959 fabricatum;
429 1907 500 1947 nam
521 1891 660 1965 primum,
684 1890 709 1947 si
731 1890 820 1947 titulo
843 1871 944 1966 operis
967 1890 1154 1950 Tischbeinii
1176 1893 1302 1948 credere

203 1989 284 2059 licet,
316 1990 462 2048 effossum
486 1993 586 2048 estin
609 1989 787 2066 Campania,
817 1993 941 2059 deinde,
969 1992 1114 2066 quoniam
1135 1991 1303 2050 Tischbein

203 2108 259 2149 suo
272 2079 637 2166 ingeniolatiquantulum
652 2093 779 2150 indulsit
793 2093 825 2149 in
840 2093 1037 2162 delineando,
1055 2109 1092 2148 ex
1103 2093 1172 2167 ipsa
1183 2094 1303 2168 pictura

203 2195 327 2251 decerni
346 2195 462 2268 nequit,
485 2202 585 2250 utrum
597 2193 795 2251 Atheniensis
818 2211 857 2249 an
871 2193 967 2250 Italus
983 2193 1073 2250 fuerit
1088 2193 1204 2253 artifex.
1240 2193 1303 2251 Sed

203 2295 323 2352 etiamsi
351 2295 453 2370 imago
484 2296 515 2351 in
538 2293 707 2369 Campania
742 2295 825 2369 picta
852 2294 900 2363 sit,
931 2295 1055 2351 minime
1086 2296 1171 2351 credi
1197 2303 1302 2370 potest

201 2394 340 2452 Italicam
382 2396 600 2453 caerimoniam
637 2403 901 2470 repraesentatam
935 2412 1014 2453 esse.
1069 2395 1142 2452 Veri
1176 2396 1302 2454 similius

202 2495 275 2552 mihi
290 2497 411 2553 videtur
428 2498 577 2572 picturam
592 2498 730 2573 pendere
751 2514 768 2553 e
791 2497 903 2553 talibus
918 2497 1048 2554 vasculis
1063 2498 1183 2566 Atticis,
1205 2499 1302 2573 qualis

202 2596 251 2654 illa
275 2597 411 2672 lecythus
434 2597 654 2656 Dioscurorum
677 2598 895 2657 lectisternium
917 2598 1076 2658 exhibens.

304 2697 392 2770 Quae
426 2717 496 2756 cnm
525 2701 568 2756 ita
590 2701 660 2768 sint,
692 2709 921 2776 peropportune
954 2701 1076 2768 accidit,
1110 2708 1145 2757 ut
1174 2700 1302 2758 alterum

204 2798 369 2866 vasculum,
392 2800 431 2856 de
453 2817 514 2874 quo
536 2817 618 2857 nunc
640 2801 698 2858 erit
720 2802 876 2875 agendum
897 2802 1026 2876 patriam
1048 2801 1192 2871 Atticam,
1216 2809 1301 2860 aeta-

203 2906 266 2956 tem
285 2900 441 2957 saeculum
463 2902 601 2975 quintum
625 2919 699 2977 prae
722 2918 755 2958 se
778 2900 866 2961 ferat.

302 2999 447 3058 Monachi
459 3002 638 3059 adservatur
650 2998 681 3076 ¹).
716 3001 834 3077 Hydria
846 3011 903 3071 est,
936 3002 1021 3059 cuius
1045 3012 1152 3060 venter
1174 3003 1300 3061 circum-

203 3102 295 3159 datus
327 3110 374 3159 est
406 3102 550 3176 imagine,
585 3119 665 3177 quae
698 3101 822 3177 longam
843 3102 1000 3160 hominum
1023 3105 1133 3161 seriem
1155 3105 1301 3171 ostendit,

202 3203 238 3260 In
270 3204 372 3260 media
395 3204 528 3279 imagine
563 3206 652 3262 sedet
683 3204 714 3261 in
746 3222 822 3280 rupe
855 3206 898 3261 vir
923 3205 1068 3263 barbatus
1099 3223 1137 3261 ex
1159 3207 1301 3274 advers0,

203 3305 409 3363 sinistrorsum
424 3306 626 3379 conspiciens
663 3305 799 3362 Himatio
815 3306 859 3363 ita
873 3307 999 3363 indutus
1022 3315 1080 3375 est,
1102 3315 1137 3364 ut
1159 3308 1300 3363 dextrum

203 3415 311 3480 pectus
327 3409 444 3464 nudum
456 3414 623 3475 remaneat,
646 3424 717 3482 pars
733 3415 837 3464 autem
859 3408 1032 3465 vestimenti
1054 3407 1173 3464 laevum
1195 3407 1301 3463 hume·

203 3522 269 3562 rum
296 3516 327 3563 et
358 3508 515 3565 brachium
548 3509 666 3583 operiat
675 3504 710 3583 ²).
752 3505 871 3565 Dextra
899 3526 992 3565 mauu
1020 3516 1105 3565 tenet
1135 3516 1300 3583 sceptrum,

304 3782 330 3849 1)
351 3784 392 3832 De
402 3782 489 3832 Witte
502 3790 552 3834 cat.
566 3785 615 3834 etr.
632 3793 680 3847 154
695 3780 889 3849 (Lenormaut).
910 3783 946 3834 R.
959 3783 1095 3833 Rochette
1108 3787 1182 3836 mlm.
1197 3783 1299 3838 march.

202 3871 311 3935 compl
330 3886 354 3935 p.
369 3882 420 3936 257
433 3886 472 3936 sq.
495 3871 629 3929 Panofka,
647 3872 723 3922 arch.
735 3877 789 3933 rtg.
812 3872 888 3935 1847,
907 3888 932 3936 p.
949 3870 1011 3933 19*;
1030 3872 1067 3921 ib.
1092 3874 1167 3939 1852,
1186 3889 1212 3938 p.
1223 3871 1298 3924 226*.

201 3959 437 4024 interpretationes
456 3959 550 4008 horum
570 3976 610 4009 vv.
630 3959 674 4011 dd.
695 3966 747 4008 tam
765 3959 871 4025 ineptae
890 3967 959 4020 sunt,
984 3966 1013 4009 ut
1031 3960 1190 4011 refutatione
1210 3977 1299 4027 super·

202 4048 295 4097 sedere
315 4048 401 4098 liceat.
439 4048 472 4097 O.
491 4047 558 4096 Iahn
577 4049 652 4099 arch.
670 4050 746 4098 bertr.
764 4064 790 4113 p.
804 4060 855 4112 373
871 4064 927 4113 sqq.
948 4048 999 4098 tab.
1014 4049 1066 4108 XI,
1085 4052 1296 4114 vasensammlg.

201 4152 227 4188 n.
247 4136 308 4199 238,
327 4136 526 4202 interpretando
546 4136 682 4189 abstinuit.

302 4223 329 4293 2)
348 4226 375 4274 Is
394 4226 501 4276 habitus
521 4232 561 4275 est
579 4226 702 4284 virorum,
721 4225 768 4292 qui
790 4241 833 4274 res
856 4226 959 4275 divinas
985 4226 1096 4293 faciant3
1129 4226 1161 4275 cf.
1182 4227 1215 4278 E.
1235 4227 1298 4277 Cur·

201 4314 266 4364 tium
285 4317 362 4366 arch.
381 4322 435 4380 ztg.
458 4315 534 4381 1867,
554 4331 580 4381 p.
590 4327 635 4377 92.
